@ARTICLE{taylor10,
       author = {{Taylor}, A.~N. and {Kitching}, T.~D.},
        title = "{Analytic methods for cosmological likelihoods}",
      journal = {\mnras},
     keywords = {methods: analytical, methods: data analysis, methods: statistical, cosmology: theory, large-scale structure of Universe, Astrophysics - Cosmology and Nongalactic Astrophysics},
         year = "2010",
        month = "Oct",
       volume = {408},
       number = {2},
        pages = {865-875},
          doi = {10.1111/j.1365-2966.2010.17201.x},
archivePrefix = {arXiv},
       eprint = {1003.1136},
 primaryClass = {astro-ph.CO},
       adsurl = {https://ui.adsabs.harvard.edu/abs/2010MNRAS.408..865T},
      adsnote = {Provided by the SAO/NASA Astrophysics Data System}
}
@ARTICLE{hildebrandt18,
       author = {{Hildebrandt}, H. and {K{\"o}hlinger}, F. and {van den Busch}, J.~L. and
         {Joachimi}, B. and {Heymans}, C. and {Kannawadi}, A. and
         {Wright}, A.~H. and {Asgari}, M. and {Blake}, C. and {Hoekstra}, H. and
         {Joudaki}, S. and {Kuijken}, K. and {Miller}, L. and {Morrison}, C.~B. and
         {Tr{\"o}ster}, T. and {Amon}, A. and {Archidiacono}, M. and
         {Brieden}, S. and {Choi}, A. and {de Jong}, J.~T.~A. and {Erben}, T. and
         {Giblin}, B. and {Mead}, A. and {Peacock}, J.~A. and {Radovich}, M. and
         {Schneider}, P. and {Sif{\'o}n}, C. and {Tewes}, M.},
        title = "{KiDS+VIKING-450: Cosmic shear tomography with optical and infrared data}",
      journal = {\aap},
     keywords = {cosmology: observations, gravitational lensing: weak, galaxies: photometry, surveys, Astrophysics - Cosmology and Nongalactic Astrophysics},
         year = "2020",
        month = "Jan",
       volume = {633},
          eid = {A69},
        pages = {A69},
          doi = {10.1051/0004-6361/201834878},
archivePrefix = {arXiv},
       eprint = {1812.06076},
 primaryClass = {astro-ph.CO},
       adsurl = {https://ui.adsabs.harvard.edu/abs/2020A&A...633A..69H},
      adsnote = {Provided by the SAO/NASA Astrophysics Data System}
}
@ARTICLE{Brinckmann:2018cvx,
       author = {{Brinckmann}, Thejs and {Lesgourgues}, Julien},
        title = "{MontePython 3: Boosted MCMC sampler and other features}",
      journal = {Physics of the Dark Universe},
     keywords = {Cosmology, Parameter inference, Numerical tools, Astrophysics - Cosmology and Nongalactic Astrophysics, Astrophysics - Instrumentation and Methods for Astrophysics},
         year = 2019,
        month = mar,
       volume = {24},
          eid = {100260},
        pages = {100260},
          doi = {10.1016/j.dark.2018.100260},
archivePrefix = {arXiv},
       eprint = {1804.07261},
 primaryClass = {astro-ph.CO},
       adsurl = {https://ui.adsabs.harvard.edu/abs/2019PDU....24..260B},
      adsnote = {Provided by the SAO/NASA Astrophysics Data System}
}
@article{Audren:2012wb,
      author         = "Audren, Benjamin and Lesgourgues, Julien and Benabed,
                        Karim and Prunet, Simon",
      title          = "{Conservative Constraints on Early Cosmology: an
                        illustration of the Monte Python cosmological parameter
                        inference code}",
      journal        = "JCAP",
      volume         = "1302",
      pages          = "001",
      doi            = "10.1088/1475-7516/2013/02/001",
      year           = "2013",
      eprint         = "1210.7183",
      archivePrefix  = "arXiv",
      primaryClass   = "astro-ph.CO",
      reportNumber   = "CERN-PH-TH-2012-290, LAPTH-048-12",
      SLACcitation   = "%%CITATION = ARXIV:1210.7183;%%",
}
@ARTICLE{blas11,
       author = {{Blas}, Diego and {Lesgourgues}, Julien and {Tram}, Thomas},
        title = "{The Cosmic Linear Anisotropy Solving System (CLASS). Part II: Approximation schemes}",
      journal = {\jcap},
     keywords = {Astrophysics - Cosmology and Nongalactic Astrophysics},
         year = "2011",
        month = "Jul",
       volume = {2011},
       number = {7},
          eid = {034},
        pages = {034},
          doi = {10.1088/1475-7516/2011/07/034},
archivePrefix = {arXiv},
       eprint = {1104.2933},
 primaryClass = {astro-ph.CO},
       adsurl = {https://ui.adsabs.harvard.edu/abs/2011JCAP...07..034B},
      adsnote = {Provided by the SAO/NASA Astrophysics Data System}
}
@ARTICLE{feroz09,
       author = {{Feroz}, F. and {Hobson}, M.~P. and {Bridges}, M.},
        title = "{MULTINEST: an efficient and robust Bayesian inference tool for cosmology and particle physics}",
      journal = {\mnras},
     keywords = {methods: data analysis, methods: statistical, Astrophysics},
         year = "2009",
        month = "Oct",
       volume = {398},
       number = {4},
        pages = {1601-1614},
          doi = {10.1111/j.1365-2966.2009.14548.x},
archivePrefix = {arXiv},
       eprint = {0809.3437},
 primaryClass = {astro-ph},
       adsurl = {https://ui.adsabs.harvard.edu/abs/2009MNRAS.398.1601F},
      adsnote = {Provided by the SAO/NASA Astrophysics Data System}
}
@ARTICLE{feroz19,
       author = {{Feroz}, Farhan and {Hobson}, Michael P. and {Cameron}, Ewan and
         {Pettitt}, Anthony N.},
        title = "{Importance Nested Sampling and the MultiNest Algorithm}",
      journal = {The Open Journal of Astrophysics},
     keywords = {statistical methods, importance nested sampling, bayesian inference, Astrophysics - Instrumentation and Methods for Astrophysics, Physics - Data Analysis, Statistics and Probability, Statistics - Computation},
         year = "2019",
        month = "Nov",
       volume = {2},
       number = {1},
          eid = {10},
        pages = {10},
          doi = {10.21105/astro.1306.2144},
archivePrefix = {arXiv},
       eprint = {1306.2144},
 primaryClass = {astro-ph.IM},
       adsurl = {https://ui.adsabs.harvard.edu/abs/2019OJAp....2E..10F},
      adsnote = {Provided by the SAO/NASA Astrophysics Data System}
}
@ARTICLE{mead15,
       author = {{Mead}, A.~J. and {Peacock}, J.~A. and {Heymans}, C. and {Joudaki}, S. and
         {Heavens}, A.~F.},
        title = "{An accurate halo model for fitting non-linear cosmological power spectra and baryonic feedback models}",
      journal = {\mnras},
     keywords = {gravitational lensing: weak, cosmology: theory, dark energy, large-scale structure of Universe, Astrophysics - Cosmology and Nongalactic Astrophysics},
         year = 2015,
        month = dec,
       volume = {454},
       number = {2},
        pages = {1958-1975},
          doi = {10.1093/mnras/stv2036},
archivePrefix = {arXiv},
       eprint = {1505.07833},
 primaryClass = {astro-ph.CO},
       adsurl = {https://ui.adsabs.harvard.edu/abs/2015MNRAS.454.1958M},
      adsnote = {Provided by the SAO/NASA Astrophysics Data System}
}
@ARTICLE{buchner14,
       author = {{Buchner}, J. and {Georgakakis}, A. and {Nandra}, K. and {Hsu}, L. and
         {Rangel}, C. and {Brightman}, M. and {Merloni}, A. and {Salvato}, M. and
         {Donley}, J. and {Kocevski}, D.},
        title = "{X-ray spectral modelling of the AGN obscuring region in the CDFS: Bayesian model selection and catalogue}",
      journal = {\aap},
     keywords = {accretion, accretion disks, methods: data analysis, methods: statistical, galaxies: nuclei, X-rays: galaxies, galaxies: high-redshift, Astrophysics - High Energy Astrophysical Phenomena, Astrophysics - Cosmology and Nongalactic Astrophysics},
         year = 2014,
        month = apr,
       volume = {564},
          eid = {A125},
        pages = {A125},
          doi = {10.1051/0004-6361/201322971},
archivePrefix = {arXiv},
       eprint = {1402.0004},
 primaryClass = {astro-ph.HE},
       adsurl = {https://ui.adsabs.harvard.edu/abs/2014A&A...564A.125B},
      adsnote = {Provided by the SAO/NASA Astrophysics Data System}
}
@ARTICLE{kuijken15,
       author = {{Kuijken}, Konrad and {Heymans}, Catherine and {Hildebrandt}, Hendrik and
         {Nakajima}, Reiko and {Erben}, Thomas and {de Jong}, Jelte T.~A. and
         {Viola}, Massimo and {Choi}, Ami and {Hoekstra}, Henk and
         {Miller}, Lance and {van Uitert}, Edo and {Amon}, Alexandra and
         {Blake}, Chris and {Brouwer}, Margot and {Buddendiek}, Axel and
         {Conti}, Ian Fenech and {Eriksen}, Martin and {Grado}, Aniello and
         {Harnois-D{\'e}raps}, Joachim and {Helmich}, Ewout and
         {Herbonnet}, Ricardo and {Irisarri}, Nancy and {Kitching}, Thomas and
         {Klaes}, Dominik and {La Barbera}, Francesco and {Napolitano}, Nicola and
         {Radovich}, Mario and {Schneider}, Peter and
         {Sif{\'o}n}, Crist{\'o}bal and {Sikkema}, Gert and {Simon}, Patrick and
         {Tudorica}, Alexandru and {Valentijn}, Edwin and
         {Verdoes Kleijn}, Gijs and {van Waerbeke}, Ludovic},
        title = "{Gravitational lensing analysis of the Kilo-Degree Survey}",
      journal = {\mnras},
     keywords = {gravitational lensing: weak, surveys, galaxies: photometry, cosmology: observations, Astrophysics - Cosmology and Nongalactic Astrophysics, Astrophysics - Astrophysics of Galaxies},
         year = 2015,
        month = dec,
       volume = {454},
       number = {4},
        pages = {3500-3532},
          doi = {10.1093/mnras/stv2140},
archivePrefix = {arXiv},
       eprint = {1507.00738},
 primaryClass = {astro-ph.CO},
       adsurl = {https://ui.adsabs.harvard.edu/abs/2015MNRAS.454.3500K},
      adsnote = {Provided by the SAO/NASA Astrophysics Data System}
}
@ARTICLE{dejong15,
       author = {{de Jong}, Jelte T.~A. and {Verdoes Kleijn}, Gijs A. and
         {Boxhoorn}, Danny R. and {Buddelmeijer}, Hugo and
         {Capaccioli}, Massimo and {Getman}, Fedor and {Grado}, Aniello and
         {Helmich}, Ewout and {Huang}, Zhuoyi and {Irisarri}, Nancy and
         {Kuijken}, Konrad and {La Barbera}, Francesco and {McFarland}, John P. and
         {Napolitano}, Nicola R. and {Radovich}, Mario and {Sikkema}, Gert and
         {Valentijn}, Edwin A. and {Begeman}, Kor G. and {Brescia}, Massimo and
         {Cavuoti}, Stefano and {Choi}, Ami and {Cordes}, Oliver-Mark and
         {Covone}, Giovanni and {Dall'Ora}, Massimo and {Hildebrandt}, Hendrik and
         {Longo}, Giuseppe and {Nakajima}, Reiko and {Paolillo}, Maurizio and
         {Puddu}, Emanuella and {Rifatto}, Agatino and {Tortora}, Crescenzo and
         {van Uitert}, Edo and {Buddendiek}, Axel and
         {Harnois-D{\'e}raps}, Joachim and {Erben}, Thomas and
         {Eriksen}, Martin B. and {Heymans}, Catherine and {Hoekstra}, Henk and
         {Joachimi}, Benjamin and {Kitching}, Thomas D. and {Klaes}, Dominik and
         {Koopmans}, L{\'e}on V.~E. and {K{\"o}hlinger}, Fabian and
         {Roy}, Nivya and {Sif{\'o}n}, Crist{\'o}bal and {Schneider}, Peter and
         {Sutherland}, Will J. and {Viola}, Massimo and {Vriend}, Willem-Jan},
        title = "{The first and second data releases of the Kilo-Degree Survey}",
      journal = {\aap},
     keywords = {methods: observational, surveys, galaxies: general, large-scale structure of Universe, Astrophysics - Cosmology and Nongalactic Astrophysics, Astrophysics - Astrophysics of Galaxies, Astrophysics - Instrumentation and Methods for Astrophysics},
         year = 2015,
        month = oct,
       volume = {582},
          eid = {A62},
        pages = {A62},
          doi = {10.1051/0004-6361/201526601},
archivePrefix = {arXiv},
       eprint = {1507.00742},
 primaryClass = {astro-ph.CO},
       adsurl = {https://ui.adsabs.harvard.edu/abs/2015A&A...582A..62D},
      adsnote = {Provided by the SAO/NASA Astrophysics Data System}
}
@ARTICLE{dejong17,
       author = {{de Jong}, Jelte T.~A. and {Verdoes Kleijn}, Gijs A. and
         {Erben}, Thomas and {Hildebrandt}, Hendrik and {Kuijken}, Konrad and
         {Sikkema}, Gert and {Brescia}, Massimo and {Bilicki}, Maciej and
         {Napolitano}, Nicola R. and {Amaro}, Valeria and {Begeman}, Kor G. and
         {Boxhoorn}, Danny R. and {Buddelmeijer}, Hugo and {Cavuoti}, Stefano and
         {Getman}, Fedor and {Grado}, Aniello and {Helmich}, Ewout and
         {Huang}, Zhuoyi and {Irisarri}, Nancy and {La Barbera}, Francesco and
         {Longo}, Giuseppe and {McFarland}, John P. and {Nakajima}, Reiko and
         {Paolillo}, Maurizio and {Puddu}, Emanuella and {Radovich}, Mario and
         {Rifatto}, Agatino and {Tortora}, Crescenzo and {Valentijn}, Edwin A. and
         {Vellucci}, Civita and {Vriend}, Willem-Jan and {Amon}, Alexandra and
         {Blake}, Chris and {Choi}, Ami and {Conti}, Ian Fenech and
         {Gwyn}, Stephen D.~J. and {Herbonnet}, Ricardo and
         {Heymans}, Catherine and {Hoekstra}, Henk and {Klaes}, Dominik and
         {Merten}, Julian and {Miller}, Lance and {Schneider}, Peter and
         {Viola}, Massimo},
        title = "{The third data release of the Kilo-Degree Survey and associated data products}",
      journal = {\aap},
     keywords = {surveys, catalogs, techniques: photometric, techniques: image processing, Astrophysics - Astrophysics of Galaxies, Astrophysics - Cosmology and Nongalactic Astrophysics, Astrophysics - Instrumentation and Methods for Astrophysics},
         year = 2017,
        month = aug,
       volume = {604},
          eid = {A134},
        pages = {A134},
          doi = {10.1051/0004-6361/201730747},
archivePrefix = {arXiv},
       eprint = {1703.02991},
 primaryClass = {astro-ph.GA},
       adsurl = {https://ui.adsabs.harvard.edu/abs/2017A&A...604A.134D},
      adsnote = {Provided by the SAO/NASA Astrophysics Data System}
}
@ARTICLE{kuijken19,
       author = {{Kuijken}, K. and {Heymans}, C. and {Dvornik}, A. and {Hildebrandt}, H. and
         {de Jong}, J.~T.~A. and {Wright}, A.~H. and {Erben}, T. and
         {Bilicki}, M. and {Giblin}, B. and {Shan}, H. -Y. and {Getman}, F. and
         {Grado}, A. and {Hoekstra}, H. and {Miller}, L. and {Napolitano}, N. and
         {Paolilo}, M. and {Radovich}, M. and {Schneider}, P. and {Sutherland
        }, W. and {Tewes}, M. and {Tortora}, C. and {Valentijn}, E.~A. and
         {Verdoes Kleijn}, G.~A.},
        title = "{The fourth data release of the Kilo-Degree Survey: ugri imaging and nine-band optical-IR photometry over 1000 square degrees}",
      journal = {\aap},
     keywords = {galaxies: general, surveys, large-scale structure of Universe, Astrophysics - Astrophysics of Galaxies, Astrophysics - Cosmology and Nongalactic Astrophysics},
         year = 2019,
        month = may,
       volume = {625},
          eid = {A2},
        pages = {A2},
          doi = {10.1051/0004-6361/201834918},
archivePrefix = {arXiv},
       eprint = {1902.11265},
 primaryClass = {astro-ph.GA},
       adsurl = {https://ui.adsabs.harvard.edu/abs/2019A&A...625A...2K},
      adsnote = {Provided by the SAO/NASA Astrophysics Data System}
}
@ARTICLE{2013Msngr.154...32E,
       author = {{Edge}, A. and {Sutherland}, W. and {Kuijken}, K. and {Driver}, S. and
         {McMahon}, R. and {Eales}, S. and {Emerson}, J.~P.},
        title = "{The VISTA Kilo-degree Infrared Galaxy (VIKING) Survey: Bridging the Gap between Low and High Redshift}",
      journal = {The Messenger},
         year = 2013,
        month = dec,
       volume = {154},
        pages = {32-34},
       adsurl = {https://ui.adsabs.harvard.edu/abs/2013Msngr.154...32E},
      adsnote = {Provided by the SAO/NASA Astrophysics Data System}
}
@ARTICLE{2019A&A...632A..34W,
       author = {{Wright}, Angus H. and {Hildebrandt}, Hendrik and {Kuijken}, Konrad and
         {Erben}, Thomas and {Blake}, Robert and {Buddelmeijer}, Hugo and
         {Choi}, Ami and {Cross}, Nicholas and {de Jong}, Jelte T.~A. and
         {Edge}, Alastair and {Gonzalez-Fernandez}, Carlos and
         {Gonz{\'a}lez Solares}, Eduardo and {Grado}, Aniello and
         {Heymans}, Catherine and {Irwin}, Mike and {Kupcu Yoldas}, Aybuke and
         {Lewis}, James R. and {Mann}, Robert G. and {Napolitano}, Nicola and
         {Radovich}, Mario and {Schneider}, Peter and
         {Sif{\'o}n}, Crist{\'o}bal and {Sutherland}, William and
         {Sutorius}, Eckhard and {Verdoes Kleijn}, Gijs A.},
        title = "{KiDS+VIKING-450: A new combined optical and near-infrared dataset for cosmology and astrophysics}",
      journal = {\aap},
     keywords = {cosmology: observations, gravitational lensing: weak, galaxies: photometry, surveys, Astrophysics - Cosmology and Nongalactic Astrophysics, Astrophysics - Astrophysics of Galaxies, Astrophysics - Instrumentation and Methods for Astrophysics},
         year = 2019,
        month = dec,
       volume = {632},
          eid = {A34},
        pages = {A34},
          doi = {10.1051/0004-6361/201834879},
archivePrefix = {arXiv},
       eprint = {1812.06077},
 primaryClass = {astro-ph.CO},
       adsurl = {https://ui.adsabs.harvard.edu/abs/2019A&A...632A..34W},
      adsnote = {Provided by the SAO/NASA Astrophysics Data System}
}
@ARTICLE{2000ApJ...536..571B,
       author = {{Ben{\'\i}tez}, Narciso},
        title = "{Bayesian Photometric Redshift Estimation}",
      journal = {\apj},
     keywords = {Galaxies: Distances and Redshifts, Galaxies: Photometry, Methods: Statistical, Astrophysics},
         year = 2000,
        month = jun,
       volume = {536},
       number = {2},
        pages = {571-583},
          doi = {10.1086/308947},
archivePrefix = {arXiv},
       eprint = {astro-ph/9811189},
 primaryClass = {astro-ph},
       adsurl = {https://ui.adsabs.harvard.edu/abs/2000ApJ...536..571B},
      adsnote = {Provided by the SAO/NASA Astrophysics Data System}
}
@ARTICLE{hildebrandt17,
       author = {{Hildebrandt}, H. and {Viola}, M. and {Heymans}, C. and {Joudaki}, S. and
         {Kuijken}, K. and {Blake}, C. and {Erben}, T. and {Joachimi}, B. and
         {Klaes}, D. and {Miller}, L. and {Morrison}, C.~B. and {Nakajima}, R. and
         {Verdoes Kleijn}, G. and {Amon}, A. and {Choi}, A. and {Covone}, G. and
         {de Jong}, J.~T.~A. and {Dvornik}, A. and {Fenech Conti}, I. and
         {Grado}, A. and {Harnois-D{\'e}raps}, J. and {Herbonnet}, R. and
         {Hoekstra}, H. and {K{\"o}hlinger}, F. and {McFarland}, J. and
         {Mead}, A. and {Merten}, J. and {Napolitano}, N. and {Peacock}, J.~A. and
         {Radovich}, M. and {Schneider}, P. and {Simon}, P. and
         {Valentijn}, E.~A. and {van den Busch}, J.~L. and {van Uitert}, E. and
         {Van Waerbeke}, L.},
        title = "{KiDS-450: cosmological parameter constraints from tomographic weak gravitational lensing}",
      journal = {\mnras},
     keywords = {gravitational lensing: weak, surveys, galaxies: photometry, cosmology: observations, Astrophysics - Cosmology and Nongalactic Astrophysics},
         year = 2017,
        month = feb,
       volume = {465},
       number = {2},
        pages = {1454-1498},
          doi = {10.1093/mnras/stw2805},
archivePrefix = {arXiv},
       eprint = {1606.05338},
 primaryClass = {astro-ph.CO},
       adsurl = {https://ui.adsabs.harvard.edu/abs/2017MNRAS.465.1454H},
      adsnote = {Provided by the SAO/NASA Astrophysics Data System}
}
@ARTICLE{2020MNRAS.491.4768R,
       author = {{Rau}, Markus Michael and {Wilson}, Simon and {Mandelbaum}, Rachel},
        title = "{Estimating redshift distributions using hierarchical logistic Gaussian processes}",
      journal = {\mnras},
     keywords = {catalogues, surveys, galaxies: distances and redshifts, Astrophysics - Cosmology and Nongalactic Astrophysics, Astrophysics - Astrophysics of Galaxies, Astrophysics - Instrumentation and Methods for Astrophysics},
         year = 2020,
        month = feb,
       volume = {491},
       number = {4},
        pages = {4768-4782},
          doi = {10.1093/mnras/stz3295},
archivePrefix = {arXiv},
       eprint = {1904.09988},
 primaryClass = {astro-ph.CO},
       adsurl = {https://ui.adsabs.harvard.edu/abs/2020MNRAS.491.4768R},
      adsnote = {Provided by the SAO/NASA Astrophysics Data System}
}
@ARTICLE{2018PhRvD..98d3528T,
       author = {{Troxel}, M.~A. and {MacCrann}, N. and {Zuntz}, J. and {Eifler}, T.~F. and
         {Krause}, E. and {Dodelson}, S. and {Gruen}, D. and {Blazek}, J. and
         {Friedrich}, O. and {Samuroff}, S. and {Prat}, J. and {Secco}, L.~F. and
         {Davis}, C. and {Fert{\'e}}, A. and {DeRose}, J. and {Alarcon}, A. and
         {Amara}, A. and {Baxter}, E. and {Becker}, M.~R. and
         {Bernstein}, G.~M. and {Bridle}, S.~L. and {Cawthon}, R. and
         {Chang}, C. and {Choi}, A. and {De Vicente}, J. and
         {Drlica-Wagner}, A. and {Elvin-Poole}, J. and {Frieman}, J. and
         {Gatti}, M. and {Hartley}, W.~G. and {Honscheid}, K. and {Hoyle}, B. and
         {Huff}, E.~M. and {Huterer}, D. and {Jain}, B. and {Jarvis}, M. and
         {Kacprzak}, T. and {Kirk}, D. and {Kokron}, N. and {Krawiec}, C. and
         {Lahav}, O. and {Liddle}, A.~R. and {Peacock}, J. and {Rau}, M.~M. and
         {Refregier}, A. and {Rollins}, R.~P. and {Rozo}, E. and
         {Rykoff}, E.~S. and {S{\'a}nchez}, C. and {Sevilla-Noarbe}, I. and
         {Sheldon}, E. and {Stebbins}, A. and {Varga}, T.~N. and {Vielzeuf}, P. and
         {Wang}, M. and {Wechsler}, R.~H. and {Yanny}, B. and
         {Abbott}, T.~M.~C. and {Abdalla}, F.~B. and {Allam}, S. and
         {Annis}, J. and {Bechtol}, K. and {Benoit-L{\'e}vy}, A. and
         {Bertin}, E. and {Brooks}, D. and {Buckley-Geer}, E. and
         {Burke}, D.~L. and {Carnero Rosell}, A. and {Carrasco Kind}, M. and
         {Carretero}, J. and {Castander}, F.~J. and {Crocce}, M. and
         {Cunha}, C.~E. and {D'Andrea}, C.~B. and {da Costa}, L.~N. and
         {DePoy}, D.~L. and {Desai}, S. and {Diehl}, H.~T. and
         {Dietrich}, J.~P. and {Doel}, P. and {Fernandez}, E. and
         {Flaugher}, B. and {Fosalba}, P. and {Garc{\'\i}a-Bellido}, J. and
         {Gaztanaga}, E. and {Gerdes}, D.~W. and {Giannantonio}, T. and
         {Goldstein}, D.~A. and {Gruendl}, R.~A. and {Gschwend}, J. and
         {Gutierrez}, G. and {James}, D.~J. and {Jeltema}, T. and
         {Johnson}, M.~W.~G. and {Johnson}, M.~D. and {Kent}, S. and
         {Kuehn}, K. and {Kuhlmann}, S. and {Kuropatkin}, N. and {Li}, T.~S. and
         {Lima}, M. and {Lin}, H. and {Maia}, M.~A.~G. and {March}, M. and
         {Marshall}, J.~L. and {Martini}, P. and {Melchior}, P. and
         {Menanteau}, F. and {Miquel}, R. and {Mohr}, J.~J. and {Neilsen}, E. and
         {Nichol}, R.~C. and {Nord}, B. and {Petravick}, D. and {Plazas}, A.~A. and
         {Romer}, A.~K. and {Roodman}, A. and {Sako}, M. and {Sanchez}, E. and
         {Scarpine}, V. and {Schindler}, R. and {Schubnell}, M. and {Smith}, M. and
         {Smith}, R.~C. and {Soares-Santos}, M. and {Sobreira}, F. and
         {Suchyta}, E. and {Swanson}, M.~E.~C. and {Tarle}, G. and {Thomas}, D. and
         {Tucker}, D.~L. and {Vikram}, V. and {Walker}, A.~R. and {Weller}, J. and
         {Zhang}, Y. and {DES Collaboration}},
        title = "{Dark Energy Survey Year 1 results: Cosmological constraints from cosmic shear}",
      journal = {\prd},
     keywords = {Astrophysics - Cosmology and Nongalactic Astrophysics},
         year = 2018,
        month = aug,
       volume = {98},
       number = {4},
          eid = {043528},
        pages = {043528},
          doi = {10.1103/PhysRevD.98.043528},
archivePrefix = {arXiv},
       eprint = {1708.01538},
 primaryClass = {astro-ph.CO},
       adsurl = {https://ui.adsabs.harvard.edu/abs/2018PhRvD..98d3528T},
      adsnote = {Provided by the SAO/NASA Astrophysics Data System}
}
@ARTICLE{HSC1,
       author = {{Aihara}, Hiroaki and {Arimoto}, Nobuo and {Armstrong}, Robert and
         {Arnouts}, St{\'e}phane and {Bahcall}, Neta A. and {Bickerton}, Steven and
         {Bosch}, James and {Bundy}, Kevin and {Capak}, Peter L. and
         {Chan}, James H.~H. and {Chiba}, Masashi and {Coupon}, Jean and
         {Egami}, Eiichi and {Enoki}, Motohiro and {Finet}, Francois and
         {Fujimori}, Hiroki and {Fujimoto}, Seiji and {Furusawa}, Hisanori and
         {Furusawa}, Junko and {Goto}, Tomotsugu and {Goulding}, Andy and
         {Greco}, Johnny P. and {Greene}, Jenny E. and {Gunn}, James E. and
         {Hamana}, Takashi and {Harikane}, Yuichi and {Hashimoto}, Yasuhiro and
         {Hattori}, Takashi and {Hayashi}, Masao and {Hayashi}, Yusuke and
         {He{\l}miniak}, Krzysztof G. and {Higuchi}, Ryo and {Hikage}, Chiaki and
         {Ho}, Paul T.~P. and {Hsieh}, Bau-Ching and {Huang}, Kuiyun and
         {Huang}, Song and {Ikeda}, Hiroyuki and {Imanishi}, Masatoshi and
         {Inoue}, Akio K. and {Iwasawa}, Kazushi and {Iwata}, Ikuru and
         {Jaelani}, Anton T. and {Jian}, Hung-Yu and {Kamata}, Yukiko and
         {Karoji}, Hiroshi and {Kashikawa}, Nobunari and {Katayama}, Nobuhiko and
         {Kawanomoto}, Satoshi and {Kayo}, Issha and {Koda}, Jin and
         {Koike}, Michitaro and {Kojima}, Takashi and {Komiyama}, Yutaka and
         {Konno}, Akira and {Koshida}, Shintaro and {Koyama}, Yusei and
         {Kusakabe}, Haruka and {Leauthaud}, Alexie and {Lee}, Chien-Hsiu and
         {Lin}, Lihwai and {Lin}, Yen-Ting and {Lupton}, Robert H. and {Mand
        elbaum}, Rachel and {Matsuoka}, Yoshiki and {Medezinski}, Elinor and
         {Mineo}, Sogo and {Miyama}, Shoken and {Miyatake}, Hironao and
         {Miyazaki}, Satoshi and {Momose}, Rieko and {More}, Anupreeta and
         {More}, Surhud and {Moritani}, Yuki and {Moriya}, Takashi J. and
         {Morokuma}, Tomoki and {Mukae}, Shiro and {Murata}, Ryoma and
         {Murayama}, Hitoshi and {Nagao}, Tohru and {Nakata}, Fumiaki and
         {Niida}, Mana and {Niikura}, Hiroko and {Nishizawa}, Atsushi J. and
         {Obuchi}, Yoshiyuki and {Oguri}, Masamune and {Oishi}, Yukie and
         {Okabe}, Nobuhiro and {Okamoto}, Sakurako and {Okura}, Yuki and
         {Ono}, Yoshiaki and {Onodera}, Masato and {Onoue}, Masafusa and
         {Osato}, Ken and {Ouchi}, Masami and {Price}, Paul A. and
         {Pyo}, Tae-Soo and {Sako}, Masao and {Sawicki}, Marcin and
         {Shibuya}, Takatoshi and {Shimasaku}, Kazuhiro and {Shimono}, Atsushi and
         {Shirasaki}, Masato and {Silverman}, John D. and {Simet}, Melanie and
         {Speagle}, Joshua and {Spergel}, David N. and {Strauss}, Michael A. and
         {Sugahara}, Yuma and {Sugiyama}, Naoshi and {Suto}, Yasushi and
         {Suyu}, Sherry H. and {Suzuki}, Nao and {Tait}, Philip J. and
         {Takada}, Masahiro and {Takata}, Tadafumi and {Tamura}, Naoyuki and
         {Tanaka}, Manobu M. and {Tanaka}, Masaomi and {Tanaka}, Masayuki and
         {Tanaka}, Yoko and {Terai}, Tsuyoshi and {Terashima}, Yuichi and
         {Toba}, Yoshiki and {Tominaga}, Nozomu and {Toshikawa}, Jun and
         {Turner}, Edwin L. and {Uchida}, Tomohisa and {Uchiyama}, Hisakazu and
         {Umetsu}, Keiichi and {Uraguchi}, Fumihiro and {Urata}, Yuji and
         {Usuda}, Tomonori and {Utsumi}, Yousuke and {Wang}, Shiang-Yu and
         {Wang}, Wei-Hao and {Wong}, Kenneth C. and {Yabe}, Kiyoto and
         {Yamada}, Yoshihiko and {Yamanoi}, Hitomi and {Yasuda}, Naoki and
         {Yeh}, Sherry and {Yonehara}, Atsunori and {Yuma}, Suraphong},
        title = "{The Hyper Suprime-Cam SSP Survey: Overview and survey design}",
      journal = {\pasj},
     keywords = {cosmology: observations, galaxies: general, large-scale structure of universe, surveys, Astrophysics - Instrumentation and Methods for Astrophysics},
         year = 2018,
        month = jan,
       volume = {70},
          eid = {S4},
        pages = {S4},
          doi = {10.1093/pasj/psx066},
archivePrefix = {arXiv},
       eprint = {1704.05858},
 primaryClass = {astro-ph.IM},
       adsurl = {https://ui.adsabs.harvard.edu/abs/2018PASJ...70S...4A},
      adsnote = {Provided by the SAO/NASA Astrophysics Data System}
}


@ARTICLE{HSC2,
       author = {{Hikage}, Chiaki and {Oguri}, Masamune and {Hamana}, Takashi and
         {More}, Surhud and {Mandelbaum}, Rachel and {Takada}, Masahiro and
         {K{\"o}hlinger}, Fabian and {Miyatake}, Hironao and
         {Nishizawa}, Atsushi J. and {Aihara}, Hiroaki and {Armstrong}, Robert and
         {Bosch}, James and {Coupon}, Jean and {Ducout}, Anne and {Ho}, Paul and
         {Hsieh}, Bau-Ching and {Komiyama}, Yutaka and
         {Lanusse}, Fran{\c{c}}ois and {Leauthaud}, Alexie and
         {Lupton}, Robert H. and {Medezinski}, Elinor and {Mineo}, Sogo and
         {Miyama}, Shoken and {Miyazaki}, Satoshi and {Murata}, Ryoma and
         {Murayama}, Hitoshi and {Shirasaki}, Masato and
         {Sif{\'o}n}, Crist{\'o}bal and {Simet}, Melanie and {Speagle}, Joshua and
         {Spergel}, David N. and {Strauss}, Michael A. and {Sugiyama}, Naoshi and
         {Tanaka}, Masayuki and {Utsumi}, Yousuke and {Wang}, Shiang-Yu and
         {Yamada}, Yoshihiko},
        title = "{Cosmology from cosmic shear power spectra with Subaru Hyper Suprime-Cam first-year data}",
      journal = {\pasj},
     keywords = {dark matter, gravitational lensing: weak, large-scale structure of universe, Astrophysics - Cosmology and Nongalactic Astrophysics},
         year = 2019,
        month = apr,
       volume = {71},
       number = {2},
          eid = {43},
        pages = {43},
          doi = {10.1093/pasj/psz010},
archivePrefix = {arXiv},
       eprint = {1809.09148},
 primaryClass = {astro-ph.CO},
       adsurl = {https://ui.adsabs.harvard.edu/abs/2019PASJ...71...43H},
      adsnote = {Provided by the SAO/NASA Astrophysics Data System}
}
@ARTICLE{DES1,
       author = {{Drlica-Wagner}, A. and {Sevilla-Noarbe}, I. and {Rykoff}, E.~S. and
         {Gruendl}, R.~A. and {Yanny}, B. and {Tucker}, D.~L. and {Hoyle}, B. and
         {Carnero Rosell}, A. and {Bernstein}, G.~M. and {Bechtol}, K. and
         {Becker}, M.~R. and {Benoit-L{\'e}vy}, A. and {Bertin}, E. and
         {Carrasco Kind}, M. and {Davis}, C. and {de Vicente}, J. and
         {Diehl}, H.~T. and {Gruen}, D. and {Hartley}, W.~G. and {Leistedt}, B. and
         {Li}, T.~S. and {Marshall}, J.~L. and {Neilsen}, E. and {Rau}, M.~M. and
         {Sheldon}, E. and {Smith}, J. and {Troxel}, M.~A. and {Wyatt}, S. and
         {Zhang}, Y. and {Abbott}, T.~M.~C. and {Abdalla}, F.~B. and
         {Allam}, S. and {Banerji}, M. and {Brooks}, D. and {Buckley-Geer}, E. and
         {Burke}, D.~L. and {Capozzi}, D. and {Carretero}, J. and
         {Cunha}, C.~E. and {D'Andrea}, C.~B. and {da Costa}, L.~N. and
         {DePoy}, D.~L. and {Desai}, S. and {Dietrich}, J.~P. and {Doel}, P. and
         {Evrard}, A.~E. and {Fausti Neto}, A. and {Flaugher}, B. and
         {Fosalba}, P. and {Frieman}, J. and {Garc{\'\i}a-Bellido}, J. and
         {Gerdes}, D.~W. and {Giannantonio}, T. and {Gschwend}, J. and
         {Gutierrez}, G. and {Honscheid}, K. and {James}, D.~J. and
         {Jeltema}, T. and {Kuehn}, K. and {Kuhlmann}, S. and {Kuropatkin}, N. and
         {Lahav}, O. and {Lima}, M. and {Lin}, H. and {Maia}, M.~A.~G. and
         {Martini}, P. and {McMahon}, R.~G. and {Melchior}, P. and
         {Menanteau}, F. and {Miquel}, R. and {Nichol}, R.~C. and {Ogand
        o}, R.~L.~C. and {Plazas}, A.~A. and {Romer}, A.~K. and {Roodman}, A. and
         {Sanchez}, E. and {Scarpine}, V. and {Schindler}, R. and
         {Schubnell}, M. and {Smith}, M. and {Smith}, R.~C. and
         {Soares-Santos}, M. and {Sobreira}, F. and {Suchyta}, E. and
         {Tarle}, G. and {Vikram}, V. and {Walker}, A.~R. and {Wechsler}, R.~H. and
         {Zuntz}, J. and {DES Collaboration}},
        title = "{Dark Energy Survey Year 1 Results: The Photometric Data Set for Cosmology}",
      journal = {\apjs},
     keywords = {catalogs, cosmology: observations, surveys, techniques: image processing, techniques: photometric, Astrophysics - Cosmology and Nongalactic Astrophysics, Astrophysics - Instrumentation and Methods for Astrophysics},
         year = 2018,
        month = apr,
       volume = {235},
       number = {2},
          eid = {33},
        pages = {33},
          doi = {10.3847/1538-4365/aab4f5},
archivePrefix = {arXiv},
       eprint = {1708.01531},
 primaryClass = {astro-ph.CO},
       adsurl = {https://ui.adsabs.harvard.edu/abs/2018ApJS..235...33D},
      adsnote = {Provided by the SAO/NASA Astrophysics Data System}
}
@ARTICLE{DES2,
       author = {{Zuntz}, J. and {Sheldon}, E. and {Samuroff}, S. and {Troxel}, M.~A. and
         {Jarvis}, M. and {MacCrann}, N. and {Gruen}, D. and {Prat}, J. and
         {S{\'a}nchez}, C. and {Choi}, A. and {Bridle}, S.~L. and
         {Bernstein}, G.~M. and {Dodelson}, S. and {Drlica-Wagner}, A. and
         {Fang}, Y. and {Gruendl}, R.~A. and {Hoyle}, B. and {Huff}, E.~M. and
         {Jain}, B. and {Kirk}, D. and {Kacprzak}, T. and {Krawiec}, C. and
         {Plazas}, A.~A. and {Rollins}, R.~P. and {Rykoff}, E.~S. and
         {Sevilla-Noarbe}, I. and {Soergel}, B. and {Varga}, T.~N. and
         {Abbott}, T.~M.~C. and {Abdalla}, F.~B. and {Allam}, S. and
         {Annis}, J. and {Bechtol}, K. and {Benoit-L{\'e}vy}, A. and
         {Bertin}, E. and {Buckley-Geer}, E. and {Burke}, D.~L. and
         {Carnero Rosell}, A. and {Carrasco Kind}, M. and {Carretero}, J. and
         {Castander}, F.~J. and {Crocce}, M. and {Cunha}, C.~E. and
         {D'Andrea}, C.~B. and {da Costa}, L.~N. and {Davis}, C. and
         {Desai}, S. and {Diehl}, H.~T. and {Dietrich}, J.~P. and {Doel}, P. and
         {Eifler}, T.~F. and {Estrada}, J. and {Evrard}, A.~E. and
         {Fausti Neto}, A. and {Fernandez}, E. and {Flaugher}, B. and
         {Fosalba}, P. and {Frieman}, J. and {Garc{\'\i}a-Bellido}, J. and
         {Gaztanaga}, E. and {Gerdes}, D.~W. and {Giannantonio}, T. and
         {Gschwend}, J. and {Gutierrez}, G. and {Hartley}, W.~G. and
         {Honscheid}, K. and {James}, D.~J. and {Jeltema}, T. and
         {Johnson}, M.~W.~G. and {Johnson}, M.~D. and {Kuehn}, K. and
         {Kuhlmann}, S. and {Kuropatkin}, N. and {Lahav}, O. and {Li}, T.~S. and
         {Lima}, M. and {Maia}, M.~A.~G. and {March}, M. and {Martini}, P. and
         {Melchior}, P. and {Menanteau}, F. and {Miller}, C.~J. and
         {Miquel}, R. and {Mohr}, J.~J. and {Neilsen}, E. and {Nichol}, R.~C. and
         {Ogando}, R.~L.~C. and {Roe}, N. and {Romer}, A.~K. and {Roodman}, A. and
         {Sanchez}, E. and {Scarpine}, V. and {Schindler}, R. and
         {Schubnell}, M. and {Smith}, M. and {Smith}, R.~C. and
         {Soares-Santos}, M. and {Sobreira}, F. and {Suchyta}, E. and
         {Swanson}, M.~E.~C. and {Tarle}, G. and {Thomas}, D. and
         {Tucker}, D.~L. and {Vikram}, V. and {Walker}, A.~R. and
         {Wechsler}, R.~H. and {Zhang}, Y. and {DES Collaboration}},
        title = "{Dark Energy Survey Year 1 results: weak lensing shape catalogues}",
      journal = {\mnras},
     keywords = {gravitational lensing: weak, methods: data analysis, techniques: image processing, catalogues, surveys, cosmology: observations, Astrophysics - Cosmology and Nongalactic Astrophysics},
         year = 2018,
        month = nov,
       volume = {481},
       number = {1},
        pages = {1149-1182},
          doi = {10.1093/mnras/sty2219},
archivePrefix = {arXiv},
       eprint = {1708.01533},
 primaryClass = {astro-ph.CO},
       adsurl = {https://ui.adsabs.harvard.edu/abs/2018MNRAS.481.1149Z},
      adsnote = {Provided by the SAO/NASA Astrophysics Data System}
}
@ARTICLE{DES3,
       author = {{Abbott}, T.~M.~C. and {Abdalla}, F.~B. and {Alarcon}, A. and
         {Aleksi{\'c}}, J. and {Allam}, S. and {Allen}, S. and {Amara}, A. and
         {Annis}, J. and {Asorey}, J. and {Avila}, S. and {Bacon}, D. and
         {Balbinot}, E. and {Banerji}, M. and {Banik}, N. and {Barkhouse}, W. and
         {Baumer}, M. and {Baxter}, E. and {Bechtol}, K. and {Becker}, M.~R. and
         {Benoit-L{\'e}vy}, A. and {Benson}, B.~A. and {Bernstein}, G.~M. and
         {Bertin}, E. and {Blazek}, J. and {Bridle}, S.~L. and {Brooks}, D. and
         {Brout}, D. and {Buckley-Geer}, E. and {Burke}, D.~L. and
         {Busha}, M.~T. and {Campos}, A. and {Capozzi}, D. and
         {Carnero Rosell}, A. and {Carrasco Kind}, M. and {Carretero}, J. and
         {Castander}, F.~J. and {Cawthon}, R. and {Chang}, C. and {Chen}, N. and
         {Childress}, M. and {Choi}, A. and {Conselice}, C. and
         {Crittenden}, R. and {Crocce}, M. and {Cunha}, C.~E. and
         {D'Andrea}, C.~B. and {da Costa}, L.~N. and {Das}, R. and
         {Davis}, T.~M. and {Davis}, C. and {De Vicente}, J. and {DePoy}, D.~L. and
         {DeRose}, J. and {Desai}, S. and {Diehl}, H.~T. and {Dietrich}, J.~P. and
         {Dodelson}, S. and {Doel}, P. and {Drlica-Wagner}, A. and
         {Eifler}, T.~F. and {Elliott}, A.~E. and {Elsner}, F. and
         {Elvin-Poole}, J. and {Estrada}, J. and {Evrard}, A.~E. and {Fang}, Y. and
         {Fernandez}, E. and {Fert{\'e}}, A. and {Finley}, D.~A. and
         {Flaugher}, B. and {Fosalba}, P. and {Friedrich}, O. and {Frieman}, J. and
         {Garc{\'\i}a-Bellido}, J. and {Garcia-Fernandez}, M. and {Gatti}, M. and
         {Gaztanaga}, E. and {Gerdes}, D.~W. and {Giannantonio}, T. and
         {Gill}, M.~S.~S. and {Glazebrook}, K. and {Goldstein}, D.~A. and
         {Gruen}, D. and {Gruendl}, R.~A. and {Gschwend}, J. and
         {Gutierrez}, G. and {Hamilton}, S. and {Hartley}, W.~G. and
         {Hinton}, S.~R. and {Honscheid}, K. and {Hoyle}, B. and {Huterer}, D. and
         {Jain}, B. and {James}, D.~J. and {Jarvis}, M. and {Jeltema}, T. and
         {Johnson}, M.~D. and {Johnson}, M.~W.~G. and {Kacprzak}, T. and
         {Kent}, S. and {Kim}, A.~G. and {King}, A. and {Kirk}, D. and
         {Kokron}, N. and {Kovacs}, A. and {Krause}, E. and {Krawiec}, C. and
         {Kremin}, A. and {Kuehn}, K. and {Kuhlmann}, S. and {Kuropatkin}, N. and
         {Lacasa}, F. and {Lahav}, O. and {Li}, T.~S. and {Liddle}, A.~R. and
         {Lidman}, C. and {Lima}, M. and {Lin}, H. and {MacCrann}, N. and
         {Maia}, M.~A.~G. and {Makler}, M. and {Manera}, M. and {March}, M. and
         {Marshall}, J.~L. and {Martini}, P. and {McMahon}, R.~G. and
         {Melchior}, P. and {Menanteau}, F. and {Miquel}, R. and {Miranda}, V. and
         {Mudd}, D. and {Muir}, J. and {M{\"o}ller}, A. and {Neilsen}, E. and
         {Nichol}, R.~C. and {Nord}, B. and {Nugent}, P. and {Ogando}, R.~L.~C. and
         {Palmese}, A. and {Peacock}, J. and {Peiris}, H.~V. and {Peoples}, J. and
         {Percival}, W.~J. and {Petravick}, D. and {Plazas}, A.~A. and
         {Porredon}, A. and {Prat}, J. and {Pujol}, A. and {Rau}, M.~M. and
         {Refregier}, A. and {Ricker}, P.~M. and {Roe}, N. and {Rollins}, R.~P. and
         {Romer}, A.~K. and {Roodman}, A. and {Rosenfeld}, R. and {Ross}, A.~J. and
         {Rozo}, E. and {Rykoff}, E.~S. and {Sako}, M. and {Salvador}, A.~I. and
         {Samuroff}, S. and {S{\'a}nchez}, C. and {Sanchez}, E. and
         {Santiago}, B. and {Scarpine}, V. and {Schindler}, R. and
         {Scolnic}, D. and {Secco}, L.~F. and {Serrano}, S. and
         {Sevilla-Noarbe}, I. and {Sheldon}, E. and {Smith}, R.~C. and
         {Smith}, M. and {Smith}, J. and {Soares-Santos}, M. and {Sobreira}, F. and
         {Suchyta}, E. and {Tarle}, G. and {Thomas}, D. and {Troxel}, M.~A. and
         {Tucker}, D.~L. and {Tucker}, B.~E. and {Uddin}, S.~A. and
         {Varga}, T.~N. and {Vielzeuf}, P. and {Vikram}, V. and {Vivas}, A.~K. and
         {Walker}, A.~R. and {Wang}, M. and {Wechsler}, R.~H. and {Weller}, J. and
         {Wester}, W. and {Wolf}, R.~C. and {Yanny}, B. and {Yuan}, F. and
         {Zenteno}, A. and {Zhang}, B. and {Zhang}, Y. and {Zuntz}, J. and
         {Dark Energy Survey Collaboration}},
        title = "{Dark Energy Survey year 1 results: Cosmological constraints from galaxy clustering and weak lensing}",
      journal = {\prd},
     keywords = {Astrophysics - Cosmology and Nongalactic Astrophysics},
         year = 2018,
        month = aug,
       volume = {98},
       number = {4},
          eid = {043526},
        pages = {043526},
          doi = {10.1103/PhysRevD.98.043526},
archivePrefix = {arXiv},
       eprint = {1708.01530},
 primaryClass = {astro-ph.CO},
       adsurl = {https://ui.adsabs.harvard.edu/abs/2018PhRvD..98d3526A},
      adsnote = {Provided by the SAO/NASA Astrophysics Data System}
}
@ARTICLE{DES4,
       author = {{Sevilla-Noarbe}, I. and {Bechtol}, K. and {Carrasco Kind}, M. and
         {Carnero Rosell}, A. and {Becker}, M.~R. and {Drlica-Wagner}, A. and
         {Gruendl}, R.~A. and {Rykoff}, E.~S. and {Sheldon}, E. and {Yanny}, B. and
         {Alarcon}, A. and {Allam}, S. and {Amon}, A. and {Benoit-L{\'e}vy}, A. and
         {Bernstein}, G.~M. and {Bertin}, E. and {Burke}, D.~L. and
         {Carretero}, J. and {Choi}, A. and {Diehl}, H.~T. and {Everett}, S. and
         {Flaugher}, B. and {Gaztanaga}, E. and {Gschwend}, J. and
         {Harrison}, I. and {Hartley}, W.~G. and {Hoyle}, B. and {Jarvis}, M. and
         {Johnson}, M.~D. and {Kessler}, R. and {Kron}, R. and {Kuropatkin}, N. and
         {Leistedt}, B. and {Li}, T.~S. and {Menanteau}, F. and {Morganson}, E. and
         {Ogando}, R.~L.~C. and {Palmese}, A. and {Paz-Chinch{\'o}n}, F. and
         {Pieres}, A. and {Pond}, C. and {Rodriguez-Monroy}, M. and
         {Allyn-Smith}, J. and {Stringer}, K.~M. and {Troxel}, M.~A. and
         {Tucker}, D.~L. and {de Vicente}, J. and {Wester}, W. and {Zhang}, Y. and
         {Abbott}, T.~M.~C. and {Aguena}, M. and {Annis}, J. and {Avila}, S. and
         {Bhargava}, S. and {Bridle}, S.~L. and {Brooks}, D. and {Brout}, D. and
         {Castander}, F.~J. and {Cawthon}, R. and {Chang}, C. and
         {Conselice}, C. and {Costanzi}, M. and {Crocce}, M. and
         {da Costa}, L.~N. and {Pereira}, M.~E.~E. and {Davis}, T.~M. and
         {Desai}, S. and {Dietrich}, J.~P. and {Doel}, P. and {Eckert}, K. and
         {Evrard}, A.~E. and {Ferrero}, I. and {Fosalba}, P. and
         {Garc{\'\i}a-Bellido}, J. and {Gerdes}, D.~W. and {Giannantonio}, T. and
         {Gruen}, D. and {Gutierrez}, G. and {Hinton}, S.~R. and
         {Hollowood}, D.~L. and {Honscheid}, K. and {Huff}, E.~M. and
         {Huterer}, D. and {James}, D.~J. and {Jeltema}, T. and {Kuehn}, K. and
         {Lahav}, O. and {Lidman}, C. and {Lima}, M. and {Lin}, H. and
         {Maia}, M.~A.~G. and {Marshall}, J.~L. and {Martini}, P. and
         {Melchior}, P. and {Miquel}, R. and {Mohr}, J.~J. and {Morgan}, R. and
         {Neilsen}, E. and {Plazas}, A.~A. and {Romer}, A.~K. and {Roodman}, A. and
         {Sanchez}, E. and {Scarpine}, V. and {Schubnell}, M. and {Serrano}, S. and
         {Smith}, M. and {Suchyta}, E. and {Tarle}, G. and {Thomas}, D. and
         {To}, C. and {Varga}, T.~N. and {Wechsler}, R.~H. and {Weller}, J. and
         {Wilkinson}, R.~D.},
        title = "{Dark Energy Survey Year 3 Results: Photometric Data Set for Cosmology}",
      journal = {arXiv e-prints},
     keywords = {Astrophysics - Cosmology and Nongalactic Astrophysics, Astrophysics - Astrophysics of Galaxies, Astrophysics - Instrumentation and Methods for Astrophysics},
         year = 2020,
        month = nov,
          eid = {arXiv:2011.03407},
        pages = {arXiv:2011.03407},
archivePrefix = {arXiv},
       eprint = {2011.03407},
 primaryClass = {astro-ph.CO},
       adsurl = {https://ui.adsabs.harvard.edu/abs/2020arXiv201103407S},
      adsnote = {Provided by the SAO/NASA Astrophysics Data System}
}
@ARTICLE{DES5,
       author = {{Gatti}, M. and {Sheldon}, E. and {Amon}, A. and {Becker}, M. and {Troxel}, M. and {Choi}, A. and {Doux}, C. and {MacCrann}, N. and {Navarro-Alsina}, A. and {Harrison}, I. and {Gruen}, D. and {Bernstein}, G. and {Jarvis}, M. and {Secco}, L.~F. and {Fert{\'e}}, A. and {Shin}, T. and {McCullough}, J. and {Rollins}, R.~P. and {Chen}, R. and {Chang}, C. and {Pandey}, S. and {Tutusaus}, I. and {Prat}, J. and {Elvin-Poole}, J. and {Sanchez}, C. and {Plazas}, A.~A. and {Roodman}, A. and {Zuntz}, J. and {Abbott}, T.~M.~C. and {Aguena}, M. and {Allam}, S. and {Annis}, J. and {Avila}, S. and {Bacon}, D. and {Bertin}, E. and {Bhargava}, S. and {Brooks}, D. and {Burke}, D.~L. and {Carnero Rosell}, A. and {Carrasco Kind}, M. and {Carretero}, J. and {Castander}, F.~J. and {Conselice}, C. and {Costanzi}, M. and {Crocce}, M. and {da Costa}, L.~N. and {Davis}, T.~M. and {De Vicente}, J. and {Desai}, S. and {Diehl}, H.~T. and {Dietrich}, J.~P. and {Doel}, P. and {Drlica-Wagner}, A. and {Eckert}, K. and {Everett}, S. and {Ferrero}, I. and {Frieman}, J. and {Garc{\'\i}a-Bellido}, J. and {Gerdes}, D.~W. and {Giannantonio}, T. and {Gruendl}, R.~A. and {Gschwend}, J. and {Gutierrez}, G. and {Hartley}, W.~G. and {Hinton}, S.~R. and {Hollowood}, D.~L. and {Honscheid}, K. and {Hoyle}, B. and {Huff}, E.~M. and {Huterer}, D. and {Jain}, B. and {James}, D.~J. and {Jeltema}, T. and {Krause}, E. and {Kron}, R. and {Kuropatkin}, N. and {Lima}, M. and {Maia}, M.~A.~G. and {Marshall}, J.~L. and {Miquel}, R. and {Morgan}, R. and {Myles}, J. and {Palmese}, A. and {Paz-Chinch{\'o}n}, F. and {Rykoff}, E.~S. and {Samuroff}, S. and {Sanchez}, E. and {Scarpine}, V. and {Schubnell}, M. and {Serrano}, S. and {Sevilla-Noarbe}, I. and {Smith}, M. and {Soares-Santos}, M. and {Suchyta}, E. and {Swanson}, M.~E.~C. and {Tarle}, G. and {Thomas}, D. and {To}, C. and {Tucker}, D.~L. and {Varga}, T.~N. and {Wechsler}, R.~H. and {Weller}, J. and {Wester}, W. and {Wilkinson}, R.~D.},
        title = "{Dark Energy Survey Year 3 Results: Weak Lensing Shape Catalogue}",
      journal = {\mnras},
     keywords = {gravitational lensing: weak, methods: data analysis, techniques: image processing, catalogues, surveys, cosmology: observations, Astrophysics - Cosmology and Nongalactic Astrophysics},
         year = 2021,
        month = apr,
          doi = {10.1093/mnras/stab918},
archivePrefix = {arXiv},
       eprint = {2011.03408},
 primaryClass = {astro-ph.CO},
       adsurl = {https://ui.adsabs.harvard.edu/abs/2021MNRAS.tmp..930G},
      adsnote = {Provided by the SAO/NASA Astrophysics Data System}
}
@ARTICLE{2019NatAs...3..212S,
       author = {{Salvato}, Mara and {Ilbert}, Olivier and {Hoyle}, Ben},
        title = "{The many flavours of photometric redshifts}",
      journal = {Nature Astronomy},
     keywords = {Astrophysics - Astrophysics of Galaxies},
         year = 2019,
        month = jun,
       volume = {3},
        pages = {212-222},
          doi = {10.1038/s41550-018-0478-0},
archivePrefix = {arXiv},
       eprint = {1805.12574},
 primaryClass = {astro-ph.GA},
       adsurl = {https://ui.adsabs.harvard.edu/abs/2019NatAs...3..212S},
      adsnote = {Provided by the SAO/NASA Astrophysics Data System}
}
@ARTICLE{Newman08,
       author = {{Newman}, Jeffrey A.},
        title = "{Calibrating Redshift Distributions beyond Spectroscopic Limits with Cross-Correlations}",
      journal = {\apj},
     keywords = {galaxies: distances and redshifts, large-scale structure of universe, methods: miscellaneous, surveys, Astrophysics},
         year = 2008,
        month = sep,
       volume = {684},
       number = {1},
        pages = {88-101},
          doi = {10.1086/589982},
archivePrefix = {arXiv},
       eprint = {0805.1409},
 primaryClass = {astro-ph},
       adsurl = {https://ui.adsabs.harvard.edu/abs/2008ApJ...684...88N},
      adsnote = {Provided by the SAO/NASA Astrophysics Data System}
}
@ARTICLE{MatthewsNewman,
       author = {{Matthews}, Daniel J. and {Newman}, Jeffrey A.},
        title = "{Reconstructing Redshift Distributions with Cross-correlations: Tests and an Optimized Recipe}",
      journal = {\apj},
     keywords = {cosmology: observations, galaxies: distances and redshifts, large-scale structure of universe, surveys, Astrophysics - Cosmology and Extragalactic Astrophysics},
         year = 2010,
        month = sep,
       volume = {721},
       number = {1},
        pages = {456-468},
          doi = {10.1088/0004-637X/721/1/456},
archivePrefix = {arXiv},
       eprint = {1003.0687},
 primaryClass = {astro-ph.CO},
       adsurl = {https://ui.adsabs.harvard.edu/abs/2010ApJ...721..456M},
      adsnote = {Provided by the SAO/NASA Astrophysics Data System}
}
@ARTICLE{Menard,
       author = {{M{\'e}nard}, Brice and {Scranton}, Ryan and {Schmidt}, Samuel and
         {Morrison}, Chris and {Jeong}, Donghui and {Budavari}, Tamas and
         {Rahman}, Mubdi},
        title = "{Clustering-based redshift estimation: method and application to data}",
      journal = {arXiv e-prints},
     keywords = {Astrophysics - Cosmology and Nongalactic Astrophysics, Astrophysics - Astrophysics of Galaxies},
         year = 2013,
        month = mar,
          eid = {arXiv:1303.4722},
        pages = {arXiv:1303.4722},
archivePrefix = {arXiv},
       eprint = {1303.4722},
 primaryClass = {astro-ph.CO},
       adsurl = {https://ui.adsabs.harvard.edu/abs/2013arXiv1303.4722M},
      adsnote = {Provided by the SAO/NASA Astrophysics Data System}
}
@ARTICLE{Lima,
       author = {{Lima}, Marcos and {Cunha}, Carlos E. and {Oyaizu}, Hiroaki and
         {Frieman}, Joshua and {Lin}, Huan and {Sheldon}, Erin S.},
        title = "{Estimating the redshift distribution of photometric galaxy samples}",
      journal = {\mnras},
     keywords = {galaxies: distances and redshifts, galaxies: statistics, distance scale, large-scale structure of Universe, Astrophysics},
         year = 2008,
        month = oct,
       volume = {390},
       number = {1},
        pages = {118-130},
          doi = {10.1111/j.1365-2966.2008.13510.x},
archivePrefix = {arXiv},
       eprint = {0801.3822},
 primaryClass = {astro-ph},
       adsurl = {https://ui.adsabs.harvard.edu/abs/2008MNRAS.390..118L},
      adsnote = {Provided by the SAO/NASA Astrophysics Data System}
}
@ARTICLE{Bonnett,
       author = {{Bonnett}, C. and {Troxel}, M.~A. and {Hartley}, W. and {Amara}, A. and
         {Leistedt}, B. and {Becker}, M.~R. and {Bernstein}, G.~M. and
         {Bridle}, S.~L. and {Bruderer}, C. and {Busha}, M.~T. and
         {Carrasco Kind}, M. and {Childress}, M.~J. and {Castander}, F.~J. and
         {Chang}, C. and {Crocce}, M. and {Davis}, T.~M. and {Eifler}, T.~F. and
         {Frieman}, J. and {Gangkofner}, C. and {Gaztanaga}, E. and
         {Glazebrook}, K. and {Gruen}, D. and {Kacprzak}, T. and {King}, A. and
         {Kwan}, J. and {Lahav}, O. and {Lewis}, G. and {Lidman}, C. and
         {Lin}, H. and {MacCrann}, N. and {Miquel}, R. and {O'Neill}, C.~R. and
         {Palmese}, A. and {Peiris}, H.~V. and {Refregier}, A. and {Rozo}, E. and
         {Rykoff}, E.~S. and {Sadeh}, I. and {S{\'a}nchez}, C. and
         {Sheldon}, E. and {Uddin}, S. and {Wechsler}, R.~H. and {Zuntz}, J. and
         {Abbott}, T. and {Abdalla}, F.~B. and {Allam}, S. and {Armstrong}, R. and
         {Banerji}, M. and {Bauer}, A.~H. and {Benoit-L{\'e}vy}, A. and
         {Bertin}, E. and {Brooks}, D. and {Buckley-Geer}, E. and
         {Burke}, D.~L. and {Capozzi}, D. and {Carnero Rosell}, A. and
         {Carretero}, J. and {Cunha}, C.~E. and {D'Andrea}, C.~B. and
         {da Costa}, L.~N. and {DePoy}, D.~L. and {Desai}, S. and
         {Diehl}, H.~T. and {Dietrich}, J.~P. and {Doel}, P. and
         {Fausti Neto}, A. and {Fernandez}, E. and {Flaugher}, B. and
         {Fosalba}, P. and {Gerdes}, D.~W. and {Gruendl}, R.~A. and
         {Honscheid}, K. and {Jain}, B. and {James}, D.~J. and {Jarvis}, M. and
         {Kim}, A.~G. and {Kuehn}, K. and {Kuropatkin}, N. and {Li}, T.~S. and
         {Lima}, M. and {Maia}, M.~A.~G. and {March}, M. and {Marshall}, J.~L. and
         {Martini}, P. and {Melchior}, P. and {Miller}, C.~J. and {Neilsen}, E. and
         {Nichol}, R.~C. and {Nord}, B. and {Ogando}, R. and {Plazas}, A.~A. and
         {Reil}, K. and {Romer}, A.~K. and {Roodman}, A. and {Sako}, M. and
         {Sanchez}, E. and {Santiago}, B. and {Smith}, R.~C. and
         {Soares-Santos}, M. and {Sobreira}, F. and {Suchyta}, E. and
         {Swanson}, M.~E.~C. and {Tarle}, G. and {Thaler}, J. and {Thomas}, D. and
         {Vikram}, V. and {Walker}, A.~R. and {Dark Energy Survey Collaboration}},
        title = "{Redshift distributions of galaxies in the Dark Energy Survey Science Verification shear catalogue and implications for weak lensing}",
      journal = {\prd},
     keywords = {Astrophysics - Cosmology and Nongalactic Astrophysics},
         year = 2016,
        month = aug,
       volume = {94},
       number = {4},
          eid = {042005},
        pages = {042005},
          doi = {10.1103/PhysRevD.94.042005},
archivePrefix = {arXiv},
       eprint = {1507.05909},
 primaryClass = {astro-ph.CO},
       adsurl = {https://ui.adsabs.harvard.edu/abs/2016PhRvD..94d2005B},
      adsnote = {Provided by the SAO/NASA Astrophysics Data System}
}

@ARTICLE{hirata04,
       author = {{Hirata}, Christopher M. and {Seljak}, Uro{\v{s}}},
        title = "{Intrinsic alignment-lensing interference as a contaminant of cosmic shear}",
      journal = {\prd},
     keywords = {98.80.Es, 98.62.Gq, 98.62.Sb, Observational cosmology, Galactic halos, Gravitational lenses and luminous arcs, Astrophysics},
         year = 2004,
        month = sep,
       volume = {70},
       number = {6},
          eid = {063526},
        pages = {063526},
          doi = {10.1103/PhysRevD.70.063526},
archivePrefix = {arXiv},
       eprint = {astro-ph/0406275},
 primaryClass = {astro-ph},
       adsurl = {https://ui.adsabs.harvard.edu/abs/2004PhRvD..70f3526H},
      adsnote = {Provided by the SAO/NASA Astrophysics Data System}
}
@ARTICLE{bridle07,
       author = {{Bridle}, Sarah and {King}, Lindsay},
        title = "{Dark energy constraints from cosmic shear power spectra: impact of intrinsic alignments on photometric redshift requirements}",
      journal = {New Journal of Physics},
     keywords = {Astrophysics},
         year = 2007,
        month = dec,
       volume = {9},
       number = {12},
        pages = {444},
          doi = {10.1088/1367-2630/9/12/444},
archivePrefix = {arXiv},
       eprint = {0705.0166},
 primaryClass = {astro-ph},
       adsurl = {https://ui.adsabs.harvard.edu/abs/2007NJPh....9..444B},
      adsnote = {Provided by the SAO/NASA Astrophysics Data System}
}
@ARTICLE{joachimi11,
       author = {{Joachimi}, B. and {Mandelbaum}, R. and {Abdalla}, F.~B. and
         {Bridle}, S.~L.},
        title = "{Constraints on intrinsic alignment contamination of weak lensing surveys using the MegaZ-LRG sample}",
      journal = {\aap},
     keywords = {cosmology: observations, gravitational lensing: weak, large-scale structure of Universe, cosmological parameters, galaxies: evolution, Astrophysics - Cosmology and Extragalactic Astrophysics},
         year = 2011,
        month = mar,
       volume = {527},
          eid = {A26},
        pages = {A26},
          doi = {10.1051/0004-6361/201015621},
archivePrefix = {arXiv},
       eprint = {1008.3491},
 primaryClass = {astro-ph.CO},
       adsurl = {https://ui.adsabs.harvard.edu/abs/2011A&A...527A..26J},
      adsnote = {Provided by the SAO/NASA Astrophysics Data System}
}
@ARTICLE{bridle02,
       author = {{Bridle}, S.~L. and {Crittenden}, R. and {Melchiorri}, A. and
         {Hobson}, M.~P. and {Kneissl}, R. and {Lasenby}, A.~N.},
        title = "{Analytic marginalization over CMB calibration and beam uncertainty}",
      journal = {\mnras},
     keywords = {methods: statistical, cosmic microwave background, cosmology: observations, cosmology: theory, Astrophysics, High Energy Physics - Phenomenology},
         year = 2002,
        month = oct,
       volume = {335},
       number = {4},
        pages = {1193-1200},
          doi = {10.1046/j.1365-8711.2002.05709.x},
archivePrefix = {arXiv},
       eprint = {astro-ph/0112114},
 primaryClass = {astro-ph},
       adsurl = {https://ui.adsabs.harvard.edu/abs/2002MNRAS.335.1193B},
      adsnote = {Provided by the SAO/NASA Astrophysics Data System}
}
@ARTICLE{fortuna20,
       author = {{Fortuna}, Maria Cristina and {Hoekstra}, Henk and {Joachimi}, Benjamin and {Johnston}, Harry and {Chisari}, Nora Elisa and {Georgiou}, Christos and {Mahony}, Constance},
        title = "{The halo model as a versatile tool to predict intrinsic alignments}",
      journal = {\mnras},
     keywords = {gravitational lensing: weak, galaxies: haloes, galaxies: statistics, cosmology: theory, Astrophysics - Cosmology and Nongalactic Astrophysics, Astrophysics - Astrophysics of Galaxies},
         year = 2021,
        month = feb,
       volume = {501},
       number = {2},
        pages = {2983-3002},
          doi = {10.1093/mnras/staa3802},
archivePrefix = {arXiv},
       eprint = {2003.02700},
 primaryClass = {astro-ph.CO},
       adsurl = {https://ui.adsabs.harvard.edu/abs/2021MNRAS.501.2983F},
      adsnote = {Provided by the SAO/NASA Astrophysics Data System}
}
@ARTICLE{kaiser92,
       author = {{Kaiser}, Nick},
        title = "{Weak Gravitational Lensing of Distant Galaxies}",
      journal = {\apj},
     keywords = {Galactic Clusters, Galactic Structure, Gravitational Lenses, Mass Distribution, Power Spectra, Quasars, Spatial Distribution, Universe, Astrophysics, COSMOLOGY: GRAVITATIONAL LENSING},
         year = 1992,
        month = apr,
       volume = {388},
        pages = {272},
          doi = {10.1086/171151},
       adsurl = {https://ui.adsabs.harvard.edu/abs/1992ApJ...388..272K},
      adsnote = {Provided by the SAO/NASA Astrophysics Data System}
}
@ARTICLE{vanUitert18,
       author = {{van Uitert}, Edo and {Joachimi}, Benjamin and {Joudaki}, Shahab and
         {Amon}, Alexandra and {Heymans}, Catherine and {K{\"o}hlinger}, Fabian and
         {Asgari}, Marika and {Blake}, Chris and {Choi}, Ami and
         {Erben}, Thomas and {Farrow}, Daniel J. and
         {Harnois-D{\'e}raps}, Joachim and {Hildebrandt}, Hendrik and
         {Hoekstra}, Henk and {Kitching}, Thomas D. and {Klaes}, Dominik and
         {Kuijken}, Konrad and {Merten}, Julian and {Miller}, Lance and
         {Nakajima}, Reiko and {Schneider}, Peter and {Valentijn}, Edwin and
         {Viola}, Massimo},
        title = "{KiDS+GAMA: cosmology constraints from a joint analysis of cosmic shear, galaxy-galaxy lensing, and angular clustering}",
      journal = {\mnras},
     keywords = {methods: data analysis, methods: statistical, large-scale structure of Universe, Astrophysics - Cosmology and Nongalactic Astrophysics},
         year = 2018,
        month = jun,
       volume = {476},
       number = {4},
        pages = {4662-4689},
          doi = {10.1093/mnras/sty551},
archivePrefix = {arXiv},
       eprint = {1706.05004},
 primaryClass = {astro-ph.CO},
       adsurl = {https://ui.adsabs.harvard.edu/abs/2018MNRAS.476.4662V},
      adsnote = {Provided by the SAO/NASA Astrophysics Data System}
}
@ARTICLE{Efstathiou18,
       author = {{Efstathiou}, George and {Lemos}, Pablo},
        title = "{Statistical inconsistencies in the KiDS-450 data set}",
      journal = {\mnras},
     keywords = {cosmic background radiation, cosmological parameters, large-scale structure of Universe, cosmology: observations, Astrophysics - Cosmology and Nongalactic Astrophysics},
         year = 2018,
        month = may,
       volume = {476},
       number = {1},
        pages = {151-157},
          doi = {10.1093/mnras/sty099},
archivePrefix = {arXiv},
       eprint = {1707.00483},
 primaryClass = {astro-ph.CO},
       adsurl = {https://ui.adsabs.harvard.edu/abs/2018MNRAS.476..151E},
      adsnote = {Provided by the SAO/NASA Astrophysics Data System}
}
@ARTICLE{Troxel15,
       author = {{Troxel}, M.~A. and {Ishak}, Mustapha},
        title = "{The intrinsic alignment of galaxies and its impact on weak gravitational lensing in an era of precision cosmology}",
      journal = {\physrep},
     keywords = {Weak gravitational lensing, Intrinsic alignment, Cosmology, Large-scale structure, Astrophysics - Cosmology and Nongalactic Astrophysics, Astrophysics - Astrophysics of Galaxies, General Relativity and Quantum Cosmology},
         year = 2015,
        month = feb,
       volume = {558},
        pages = {1-59},
          doi = {10.1016/j.physrep.2014.11.001},
archivePrefix = {arXiv},
       eprint = {1407.6990},
 primaryClass = {astro-ph.CO},
       adsurl = {https://ui.adsabs.harvard.edu/abs/2015PhR...558....1T},
      adsnote = {Provided by the SAO/NASA Astrophysics Data System}
}
@ARTICLE{Hadzhiyska20,
       author = {{Hadzhiyska}, Boryana and {Alonso}, David and {Nicola}, Andrina and {Slosar}, An{\v{z}}e},
        title = "{Analytic marginalization of N(z) uncertainties in tomographic galaxy surveys}",
      journal = {\jcap},
     keywords = {Astrophysics - Cosmology and Nongalactic Astrophysics},
         year = 2020,
        month = oct,
       volume = {2020},
       number = {10},
          eid = {056},
        pages = {056},
          doi = {10.1088/1475-7516/2020/10/056},
archivePrefix = {arXiv},
       eprint = {2007.14989},
 primaryClass = {astro-ph.CO},
       adsurl = {https://ui.adsabs.harvard.edu/abs/2020JCAP...10..056H},
      adsnote = {Provided by the SAO/NASA Astrophysics Data System}
}
@ARTICLE{Mice1,
       author = {{Fosalba}, P. and {Crocce}, M. and {Gazta{\~n}aga}, E. and {Castand
        er}, F.~J.},
        title = "{The MICE grand challenge lightcone simulation - I. Dark matter clustering}",
      journal = {\mnras},
     keywords = {methods: numerical, galaxies: statistics, dark matter, large-scale structure of Universe, Astrophysics - Cosmology and Nongalactic Astrophysics},
         year = 2015,
        month = apr,
       volume = {448},
       number = {4},
        pages = {2987-3000},
          doi = {10.1093/mnras/stv138},
archivePrefix = {arXiv},
       eprint = {1312.1707},
 primaryClass = {astro-ph.CO},
       adsurl = {https://ui.adsabs.harvard.edu/abs/2015MNRAS.448.2987F},
      adsnote = {Provided by the SAO/NASA Astrophysics Data System}
}
@ARTICLE{Mice2,
       author = {{Crocce}, M. and {Castander}, F.~J. and {Gazta{\~n}aga}, E. and
         {Fosalba}, P. and {Carretero}, J.},
        title = "{The MICE Grand Challenge lightcone simulation - II. Halo and galaxy catalogues}",
      journal = {\mnras},
     keywords = {methods: numerical, cosmology: observations, dark energy, distance scale, large-scale structure of Universe, Astrophysics - Cosmology and Nongalactic Astrophysics},
         year = 2015,
        month = oct,
       volume = {453},
       number = {2},
        pages = {1513-1530},
          doi = {10.1093/mnras/stv1708},
archivePrefix = {arXiv},
       eprint = {1312.2013},
 primaryClass = {astro-ph.CO},
       adsurl = {https://ui.adsabs.harvard.edu/abs/2015MNRAS.453.1513C},
      adsnote = {Provided by the SAO/NASA Astrophysics Data System}
}
@ARTICLE{Mice3,
       author = {{Fosalba}, P. and {Gazta{\~n}aga}, E. and {Castander}, F.~J. and
         {Crocce}, M.},
        title = "{The MICE Grand Challenge light-cone simulation - III. Galaxy lensing mocks from all-sky lensing maps}",
      journal = {\mnras},
     keywords = {gravitational lensing: weak, methods: analytical, methods: numerical, galaxies: general, cosmology: theory, large-scale structure of Universe, Astrophysics - Cosmology and Nongalactic Astrophysics},
         year = 2015,
        month = feb,
       volume = {447},
       number = {2},
        pages = {1319-1332},
          doi = {10.1093/mnras/stu2464},
archivePrefix = {arXiv},
       eprint = {1312.2947},
 primaryClass = {astro-ph.CO},
       adsurl = {https://ui.adsabs.harvard.edu/abs/2015MNRAS.447.1319F},
      adsnote = {Provided by the SAO/NASA Astrophysics Data System}
}
@ARTICLE{asgari20,
       author = {{Asgari}, Marika and {Lin}, Chieh-An and {Joachimi}, Benjamin and {Giblin}, Benjamin and {Heymans}, Catherine and {Hildebrandt}, Hendrik and {Kannawadi}, Arun and {St{\"o}lzner}, Benjamin and {Tr{\"o}ster}, Tilman and {van den Busch}, Jan Luca and {Wright}, Angus H. and {Bilicki}, Maciej and {Blake}, Chris and {de Jong}, Jelte and {Dvornik}, Andrej and {Erben}, Thomas and {Getman}, Fedor and {Hoekstra}, Henk and {K{\"o}hlinger}, Fabian and {Kuijken}, Konrad and {Miller}, Lance and {Radovich}, Mario and {Schneider}, Peter and {Shan}, HuanYuan and {Valentijn}, Edwin},
        title = "{KiDS-1000 cosmology: Cosmic shear constraints and comparison between two point statistics}",
      journal = {\aap},
     keywords = {gravitational lensing: weak, methods: observational, cosmology: observations, large-scale structure of Universe, cosmological parameters, Astrophysics - Cosmology and Nongalactic Astrophysics},
         year = 2021,
        month = jan,
       volume = {645},
          eid = {A104},
        pages = {A104},
          doi = {10.1051/0004-6361/202039070},
archivePrefix = {arXiv},
       eprint = {2007.15633},
 primaryClass = {astro-ph.CO},
       adsurl = {https://ui.adsabs.harvard.edu/abs/2021A&A...645A.104A},
      adsnote = {Provided by the SAO/NASA Astrophysics Data System}
}
@ARTICLE{alarcon,
       author = {{Alarcon}, Alex and {S{\'a}nchez}, Carles and {Bernstein}, Gary M. and
         {Gazta{\~n}aga}, Enrique},
        title = "{Redshift inference from the combination of galaxy colours and clustering in a hierarchical Bayesian model - Application to realistic N-body simulations}",
      journal = {\mnras},
     keywords = {cosmology: observations, dark energy, large-scale structure of Universe, Astrophysics - Cosmology and Nongalactic Astrophysics, Astrophysics - Instrumentation and Methods for Astrophysics},
         year = 2020,
        month = aug,
       volume = {498},
       number = {2},
        pages = {2614-2631},
          doi = {10.1093/mnras/staa2478},
archivePrefix = {arXiv},
       eprint = {1910.07127},
 primaryClass = {astro-ph.CO},
       adsurl = {https://ui.adsabs.harvard.edu/abs/2020MNRAS.498.2614A},
      adsnote = {Provided by the SAO/NASA Astrophysics Data System}
}
@ARTICLE{sanchez,
       author = {{S{\'a}nchez}, Carles and {Bernstein}, Gary M.},
        title = "{Redshift inference from the combination of galaxy colours and clustering in a hierarchical Bayesian model}",
      journal = {\mnras},
     keywords = {cosmology: observations, galaxy: surveys, photometric redshifts, Astrophysics - Cosmology and Nongalactic Astrophysics, Astrophysics - Instrumentation and Methods for Astrophysics},
         year = 2019,
        month = feb,
       volume = {483},
       number = {2},
        pages = {2801-2813},
          doi = {10.1093/mnras/sty3222},
archivePrefix = {arXiv},
       eprint = {1807.11873},
 primaryClass = {astro-ph.CO},
       adsurl = {https://ui.adsabs.harvard.edu/abs/2019MNRAS.483.2801S},
      adsnote = {Provided by the SAO/NASA Astrophysics Data System}
}
@ARTICLE{hildebrandt20,
       author = {{Hildebrandt}, H. and {van den Busch}, J.~L. and {Wright}, A.~H. and {Blake}, C. and {Joachimi}, B. and {Kuijken}, K. and {Tr{\"o}ster}, T. and {Asgari}, M. and {Bilicki}, M. and {de Jong}, J.~T.~A. and {Dvornik}, A. and {Erben}, T. and {Getman}, F. and {Giblin}, B. and {Heymans}, C. and {Kannawadi}, A. and {Lin}, C. -A. and {Shan}, H. -Y.},
        title = "{KiDS-1000 catalogue: Redshift distributions and their calibration}",
      journal = {\aap},
     keywords = {cosmology: observations, gravitational lensing: weak, galaxies: photometry, surveys, Astrophysics - Cosmology and Nongalactic Astrophysics, Astrophysics - Instrumentation and Methods for Astrophysics},
         year = 2021,
        month = mar,
       volume = {647},
          eid = {A124},
        pages = {A124},
          doi = {10.1051/0004-6361/202039018},
archivePrefix = {arXiv},
       eprint = {2007.15635},
 primaryClass = {astro-ph.CO},
       adsurl = {https://ui.adsabs.harvard.edu/abs/2021A&A...647A.124H},
      adsnote = {Provided by the SAO/NASA Astrophysics Data System}
}
@ARTICLE{joachimi20,
       author = {{Joachimi}, B. and {Lin}, C. -A. and {Asgari}, M. and {Tr{\"o}ster}, T. and {Heymans}, C. and {Hildebrandt}, H. and {K{\"o}hlinger}, F. and {S{\'a}nchez}, A.~G. and {Wright}, A.~H. and {Bilicki}, M. and {Blake}, C. and {van den Busch}, J.~L. and {Crocce}, M. and {Dvornik}, A. and {Erben}, T. and {Getman}, F. and {Giblin}, B. and {Hoekstra}, H. and {Kannawadi}, A. and {Kuijken}, K. and {Napolitano}, N.~R. and {Schneider}, P. and {Scoccimarro}, R. and {Sellentin}, E. and {Shan}, H.~Y. and {von Wietersheim-Kramsta}, M. and {Zuntz}, J.},
        title = "{KiDS-1000 methodology: Modelling and inference for joint weak gravitational lensing and spectroscopic galaxy clustering analysis}",
      journal = {\aap},
     keywords = {cosmology: miscellaneous, gravitational lensing: weak, large-scale structure of Universe, methods: data analysis, methods: analytical, methods: statistical, Astrophysics - Cosmology and Nongalactic Astrophysics, Astrophysics - Instrumentation and Methods for Astrophysics},
         year = 2021,
        month = feb,
       volume = {646},
          eid = {A129},
        pages = {A129},
          doi = {10.1051/0004-6361/202038831},
archivePrefix = {arXiv},
       eprint = {2007.01844},
 primaryClass = {astro-ph.CO},
       adsurl = {https://ui.adsabs.harvard.edu/abs/2021A&A...646A.129J},
      adsnote = {Provided by the SAO/NASA Astrophysics Data System}
}
@ARTICLE{amara,
       author = {{Amara}, Adam and {R{\'e}fr{\'e}gier}, Alexandre},
        title = "{Optimal surveys for weak-lensing tomography}",
      journal = {\mnras},
     keywords = {gravitational lensing, cosmological parameters, cosmology: theory, Astrophysics},
         year = 2007,
        month = nov,
       volume = {381},
       number = {3},
        pages = {1018-1026},
          doi = {10.1111/j.1365-2966.2007.12271.x},
archivePrefix = {arXiv},
       eprint = {astro-ph/0610127},
 primaryClass = {astro-ph},
       adsurl = {https://ui.adsabs.harvard.edu/abs/2007MNRAS.381.1018A},
      adsnote = {Provided by the SAO/NASA Astrophysics Data System}
}
@ARTICLE{wright_som,
       author = {{Wright}, Angus H. and {Hildebrandt}, Hendrik and
         {van den Busch}, Jan Luca and {Heymans}, Catherine},
        title = "{Photometric redshift calibration with self-organising maps}",
      journal = {\aap},
     keywords = {techniques: photometric, cosmology: observations, Astrophysics - Cosmology and Nongalactic Astrophysics, Astrophysics - Instrumentation and Methods for Astrophysics},
         year = 2020,
        month = may,
       volume = {637},
          eid = {A100},
        pages = {A100},
          doi = {10.1051/0004-6361/201936782},
archivePrefix = {arXiv},
       eprint = {1909.09632},
 primaryClass = {astro-ph.CO},
       adsurl = {https://ui.adsabs.harvard.edu/abs/2020A&A...637A.100W},
      adsnote = {Provided by the SAO/NASA Astrophysics Data System}
}
@ARTICLE{wright_som_kv450,
       author = {{Wright}, Angus H. and {Hildebrandt}, Hendrik and
         {van den Busch}, Jan Luca and {Heymans}, Catherine and
         {Joachimi}, Benjamin and {Kannawadi}, Arun and {Kuijken}, Konrad},
        title = "{KiDS+VIKING-450: Improved cosmological parameter constraints from redshift calibration with self-organising maps}",
      journal = {\aap},
     keywords = {gravitational lensing: weak, cosmology: observations, surveys, Astrophysics - Cosmology and Nongalactic Astrophysics},
         year = 2020,
        month = aug,
       volume = {640},
          eid = {L14},
        pages = {L14},
          doi = {10.1051/0004-6361/202038389},
archivePrefix = {arXiv},
       eprint = {2005.04207},
 primaryClass = {astro-ph.CO},
       adsurl = {https://ui.adsabs.harvard.edu/abs/2020A&A...640L..14W},
      adsnote = {Provided by the SAO/NASA Astrophysics Data System}
}
@ARTICLE{Buchs,
       author = {{Buchs}, R. and {Davis}, C. and {Gruen}, D. and {DeRose}, J. and
         {Alarcon}, A. and {Bernstein}, G.~M. and {S{\'a}nchez}, C. and
         {Myles}, J. and {Roodman}, A. and {Allen}, S. and {Amon}, A. and
         {Choi}, A. and {Masters}, D.~C. and {Miquel}, R. and {Troxel}, M.~A. and
         {Wechsler}, R.~H. and {Abbott}, T.~M.~C. and {Annis}, J. and
         {Avila}, S. and {Bechtol}, K. and {Bridle}, S.~L. and {Brooks}, D. and
         {Buckley-Geer}, E. and {Burke}, D.~L. and {Carnero Rosell}, A. and
         {Carrasco Kind}, M. and {Carretero}, J. and {Castander}, F.~J. and
         {Cawthon}, R. and {D'Andrea}, C.~B. and {da Costa}, L.~N. and
         {De Vicente}, J. and {Desai}, S. and {Diehl}, H.~T. and {Doel}, P. and
         {Drlica-Wagner}, A. and {Eifler}, T.~F. and {Evrard}, A.~E. and
         {Flaugher}, B. and {Fosalba}, P. and {Frieman}, J. and
         {Garc{\'\i}a-Bellido}, J. and {Gaztanaga}, E. and {Gruendl}, R.~A. and
         {Gschwend}, J. and {Gutierrez}, G. and {Hartley}, W.~G. and
         {Hollowood}, D.~L. and {Honscheid}, K. and {James}, D.~J. and
         {Kuehn}, K. and {Kuropatkin}, N. and {Lima}, M. and {Lin}, H. and
         {Maia}, M.~A.~G. and {March}, M. and {Marshall}, J.~L. and
         {Melchior}, P. and {Menanteau}, F. and {Ogando}, R.~L.~C. and
         {Plazas}, A.~A. and {Rykoff}, E.~S. and {Sanchez}, E. and
         {Scarpine}, V. and {Serrano}, S. and {Sevilla-Noarbe}, I. and
         {Smith}, M. and {Soares-Santos}, M. and {Sobreira}, F. and
         {Suchyta}, E. and {Swanson}, M.~E.~C. and {Tarle}, G. and {Thomas}, D. and
         {Vikram}, V. and {DES Collaboration}},
        title = "{Phenotypic redshifts with self-organizing maps: A novel method to characterize redshift distributions of source galaxies for weak lensing}",
      journal = {\mnras},
     keywords = {gravitational lensing: weak, galaxies: distances and redshifts, dark energy, Astrophysics - Cosmology and Nongalactic Astrophysics, Astrophysics - Astrophysics of Galaxies},
         year = 2019,
        month = oct,
       volume = {489},
       number = {1},
        pages = {820-841},
          doi = {10.1093/mnras/stz2162},
archivePrefix = {arXiv},
       eprint = {1901.05005},
 primaryClass = {astro-ph.CO},
       adsurl = {https://ui.adsabs.harvard.edu/abs/2019MNRAS.489..820B},
      adsnote = {Provided by the SAO/NASA Astrophysics Data System}
}
@ARTICLE{vdBusch20,
       author = {{van den Busch}, J.~L. and {Hildebrandt}, H. and {Wright}, A.~H. and
         {Morrison}, C.~B. and {Blake}, C. and {Joachimi}, B. and {Erben}, T. and
         {Heymans}, C. and {Kuijken}, K. and {Taylor}, E.~N.},
        title = "{Testing KiDS cross-correlation redshifts with simulations}",
      journal = {\aap},
     keywords = {cosmology: observations, surveys, large-scale structure of Universe, galaxies: distances and redshifts, Astrophysics - Cosmology and Nongalactic Astrophysics, Astrophysics - Instrumentation and Methods for Astrophysics},
         year = 2020,
        month = oct,
       volume = {642},
          eid = {A200},
        pages = {A200},
          doi = {10.1051/0004-6361/202038835},
archivePrefix = {arXiv},
       eprint = {2007.01846},
 primaryClass = {astro-ph.CO},
       adsurl = {https://ui.adsabs.harvard.edu/abs/2020A&A...642A.200V},
      adsnote = {Provided by the SAO/NASA Astrophysics Data System}
}
@ARTICLE{schneider10,
       author = {{Schneider}, P. and {Eifler}, T. and {Krause}, E.},
        title = "{COSEBIs: Extracting the full E-/B-mode information from cosmic shear correlation functions}",
      journal = {\aap},
     keywords = {large-scale structure of Universe, gravitational lensing: weak, cosmological parameters, methods: statistical, Astrophysics - Cosmology and Nongalactic Astrophysics},
         year = 2010,
        month = sep,
       volume = {520},
          eid = {A116},
        pages = {A116},
          doi = {10.1051/0004-6361/201014235},
archivePrefix = {arXiv},
       eprint = {1002.2136},
 primaryClass = {astro-ph.CO},
       adsurl = {https://ui.adsabs.harvard.edu/abs/2010A&A...520A.116S},
      adsnote = {Provided by the SAO/NASA Astrophysics Data System}
}
@ARTICLE{becker16,
       author = {{Becker}, Matthew R. and {Rozo}, Eduardo},
        title = "{Fourier band-power E/B-mode estimators for cosmic shear}",
      journal = {\mnras},
     keywords = {gravitational lensing: weak, methods: data analysis, cosmology: theory, Astrophysics - Cosmology and Nongalactic Astrophysics},
         year = 2016,
        month = mar,
       volume = {457},
       number = {1},
        pages = {304-312},
          doi = {10.1093/mnras/stv3018},
archivePrefix = {arXiv},
       eprint = {1412.3851},
 primaryClass = {astro-ph.CO},
       adsurl = {https://ui.adsabs.harvard.edu/abs/2016MNRAS.457..304B},
      adsnote = {Provided by the SAO/NASA Astrophysics Data System}
}
@ARTICLE{schneider02,
       author = {{Schneider}, P. and {van Waerbeke}, L. and {Kilbinger}, M. and
         {Mellier}, Y.},
        title = "{Analysis of two-point statistics of cosmic shear. I. Estimators and covariances}",
      journal = {\aap},
     keywords = {dark matter, gravitational lensing, large-scale structure of the Universe, Astrophysics},
         year = 2002,
        month = dec,
       volume = {396},
        pages = {1-19},
          doi = {10.1051/0004-6361:20021341},
archivePrefix = {arXiv},
       eprint = {astro-ph/0206182},
 primaryClass = {astro-ph},
       adsurl = {https://ui.adsabs.harvard.edu/abs/2002A&A...396....1S},
      adsnote = {Provided by the SAO/NASA Astrophysics Data System}
}
@ARTICLE{carretero,
       author = {{Carretero}, J. and {Castander}, F.~J. and {Gazta{\~n}aga}, E. and
         {Crocce}, M. and {Fosalba}, P.},
        title = "{An algorithm to build mock galaxy catalogues using MICE simulations}",
      journal = {\mnras},
     keywords = {Astronomical data bases, catalogues, galaxies: evolution, galaxies: haloes, large-scale structure of Universe, Astrophysics - Astrophysics of Galaxies, Astrophysics - Cosmology and Nongalactic Astrophysics},
         year = 2015,
        month = feb,
       volume = {447},
       number = {1},
        pages = {646-670},
          doi = {10.1093/mnras/stu2402},
archivePrefix = {arXiv},
       eprint = {1411.3286},
 primaryClass = {astro-ph.GA},
       adsurl = {https://ui.adsabs.harvard.edu/abs/2015MNRAS.447..646C},
      adsnote = {Provided by the SAO/NASA Astrophysics Data System}
}
@ARTICLE{hoffmann,
       author = {{Hoffmann}, K. and {Bel}, J. and {Gazta{\~n}aga}, E. and {Crocce}, M. and
         {Fosalba}, P. and {Castander}, F.~J.},
        title = "{Measuring the growth of matter fluctuations with third-order galaxy correlations}",
      journal = {\mnras},
     keywords = {cosmology: miscellaneous, cosmology: observations, cosmology: theory, dark energy, dark matter, large-scale structure of Universe, Astrophysics - Cosmology and Nongalactic Astrophysics},
         year = 2015,
        month = feb,
       volume = {447},
       number = {2},
        pages = {1724-1745},
          doi = {10.1093/mnras/stu2492},
archivePrefix = {arXiv},
       eprint = {1403.1259},
 primaryClass = {astro-ph.CO},
       adsurl = {https://ui.adsabs.harvard.edu/abs/2015MNRAS.447.1724H},
      adsnote = {Provided by the SAO/NASA Astrophysics Data System}
}
@ARTICLE{hoyle18,
       author = {{Hoyle}, B. and {Gruen}, D. and {Bernstein}, G.~M. and {Rau}, M.~M. and {De Vicente}, J. and {Hartley}, W.~G. and {Gaztanaga}, E. and {DeRose}, J. and {Troxel}, M.~A. and {Davis}, C. and {Alarcon}, A. and {MacCrann}, N. and {Prat}, J. and {S{\'a}nchez}, C. and {Sheldon}, E. and {Wechsler}, R.~H. and {Asorey}, J. and {Becker}, M.~R. and {Bonnett}, C. and {Carnero Rosell}, A. and {Carollo}, D. and {Carrasco Kind}, M. and {Castander}, F.~J. and {Cawthon}, R. and {Chang}, C. and {Childress}, M. and {Davis}, T.~M. and {Drlica-Wagner}, A. and {Gatti}, M. and {Glazebrook}, K. and {Gschwend}, J. and {Hinton}, S.~R. and {Hoormann}, J.~K. and {Kim}, A.~G. and {King}, A. and {Kuehn}, K. and {Lewis}, G. and {Lidman}, C. and {Lin}, H. and {Macaulay}, E. and {Maia}, M.~A.~G. and {Martini}, P. and {Mudd}, D. and {M{\"o}ller}, A. and {Nichol}, R.~C. and {Ogando}, R.~L.~C. and {Rollins}, R.~P. and {Roodman}, A. and {Ross}, A.~J. and {Rozo}, E. and {Rykoff}, E.~S. and {Samuroff}, S. and {Sevilla-Noarbe}, I. and {Sharp}, R. and {Sommer}, N.~E. and {Tucker}, B.~E. and {Uddin}, S.~A. and {Varga}, T.~N. and {Vielzeuf}, P. and {Yuan}, F. and {Zhang}, B. and {Abbott}, T.~M.~C. and {Abdalla}, F.~B. and {Allam}, S. and {Annis}, J. and {Bechtol}, K. and {Benoit-L{\'e}vy}, A. and {Bertin}, E. and {Brooks}, D. and {Buckley-Geer}, E. and {Burke}, D.~L. and {Busha}, M.~T. and {Capozzi}, D. and {Carretero}, J. and {Crocce}, M. and {D'Andrea}, C.~B. and {da Costa}, L.~N. and {DePoy}, D.~L. and {Desai}, S. and {Diehl}, H.~T. and {Doel}, P. and {Eifler}, T.~F. and {Estrada}, J. and {Evrard}, A.~E. and {Fernandez}, E. and {Flaugher}, B. and {Fosalba}, P. and {Frieman}, J. and {Garc{\'\i}a-Bellido}, J. and {Gerdes}, D.~W. and {Giannantonio}, T. and {Goldstein}, D.~A. and {Gruendl}, R.~A. and {Gutierrez}, G. and {Honscheid}, K. and {James}, D.~J. and {Jarvis}, M. and {Jeltema}, T. and {Johnson}, M.~W.~G. and {Johnson}, M.~D. and {Kirk}, D. and {Krause}, E. and {Kuhlmann}, S. and {Kuropatkin}, N. and {Lahav}, O. and {Li}, T.~S. and {Lima}, M. and {March}, M. and {Marshall}, J.~L. and {Melchior}, P. and {Menanteau}, F. and {Miquel}, R. and {Nord}, B. and {O'Neill}, C.~R. and {Plazas}, A.~A. and {Romer}, A.~K. and {Sako}, M. and {Sanchez}, E. and {Santiago}, B. and {Scarpine}, V. and {Schindler}, R. and {Schubnell}, M. and {Smith}, M. and {Smith}, R.~C. and {Soares-Santos}, M. and {Sobreira}, F. and {Suchyta}, E. and {Swanson}, M.~E.~C. and {Tarle}, G. and {Thomas}, D. and {Tucker}, D.~L. and {Vikram}, V. and {Walker}, A.~R. and {Weller}, J. and {Wester}, W. and {Wolf}, R.~C. and {Yanny}, B. and {Zuntz}, J. and {DES Collaboration}},
        title = "{Dark Energy Survey Year 1 Results: redshift distributions of the weak-lensing source galaxies}",
      journal = {\mnras},
     keywords = {methods: data analysis, catalogues, surveys, Astrophysics - Cosmology and Nongalactic Astrophysics},
         year = 2018,
        month = jul,
       volume = {478},
       number = {1},
        pages = {592-610},
          doi = {10.1093/mnras/sty957},
archivePrefix = {arXiv},
       eprint = {1708.01532},
 primaryClass = {astro-ph.CO},
       adsurl = {https://ui.adsabs.harvard.edu/abs/2018MNRAS.478..592H},
      adsnote = {Provided by the SAO/NASA Astrophysics Data System}
}
@ARTICLE{masters15,
       author = {{Masters}, Daniel and {Capak}, Peter and {Stern}, Daniel and {Ilbert}, Olivier and {Salvato}, Mara and {Schmidt}, Samuel and {Longo}, Giuseppe and {Rhodes}, Jason and {Paltani}, Stephane and {Mobasher}, Bahram and {Hoekstra}, Henk and {Hildebrandt}, Hendrik and {Coupon}, Jean and {Steinhardt}, Charles and {Speagle}, Josh and {Faisst}, Andreas and {Kalinich}, Adam and {Brodwin}, Mark and {Brescia}, Massimo and {Cavuoti}, Stefano},
        title = "{Mapping the Galaxy Color-Redshift Relation: Optimal Photometric Redshift Calibration Strategies for Cosmology Surveys}",
      journal = {\apj},
     keywords = {dark energy, dark matter, galaxies: distances and redshifts, large-scale structure of universe, methods: statistical, Astrophysics - Cosmology and Nongalactic Astrophysics, Astrophysics - Astrophysics of Galaxies},
         year = 2015,
        month = nov,
       volume = {813},
       number = {1},
          eid = {53},
        pages = {53},
          doi = {10.1088/0004-637X/813/1/53},
archivePrefix = {arXiv},
       eprint = {1509.03318},
 primaryClass = {astro-ph.CO},
       adsurl = {https://ui.adsabs.harvard.edu/abs/2015ApJ...813...53M},
      adsnote = {Provided by the SAO/NASA Astrophysics Data System}
}

@ARTICLE{CFHTLens,
       author = {{Benjamin}, Jonathan and {Van Waerbeke}, Ludovic and {Heymans}, Catherine and {Kilbinger}, Martin and {Erben}, Thomas and {Hildebrandt}, Hendrik and {Hoekstra}, Henk and {Kitching}, Thomas D. and {Mellier}, Yannick and {Miller}, Lance and {Rowe}, Barnaby and {Schrabback}, Tim and {Simpson}, Fergus and {Coupon}, Jean and {Fu}, Liping and {Harnois-D{\'e}raps}, Joachim and {Hudson}, Michael J. and {Kuijken}, Konrad and {Semboloni}, Elisabetta and {Vafaei}, Sanaz and {Velander}, Malin},
        title = "{CFHTLenS tomographic weak lensing: quantifying accurate redshift distributions}",
      journal = {\mnras},
     keywords = {techniques: photometric, galaxies: distances and redshifts, galaxies: photometry, cosmological parameters -- cosmology: observations, large-scale structure of Universe, Astrophysics - Cosmology and Nongalactic Astrophysics},
         year = 2013,
        month = may,
       volume = {431},
       number = {2},
        pages = {1547-1564},
          doi = {10.1093/mnras/stt276},
archivePrefix = {arXiv},
       eprint = {1212.3327},
 primaryClass = {astro-ph.CO},
       adsurl = {https://ui.adsabs.harvard.edu/abs/2013MNRAS.431.1547B},
      adsnote = {Provided by the SAO/NASA Astrophysics Data System}
}

@ARTICLE{hoyle19,
       author = {{Hoyle}, Ben and {Rau}, Markus Michael},
        title = "{Self-consistent redshift estimation using correlation functions without a spectroscopic reference sample}",
      journal = {\mnras},
     keywords = {catalogues, surveys, galaxies: distances and redshifts, Astrophysics - Cosmology and Nongalactic Astrophysics, Astrophysics - Astrophysics of Galaxies},
         year = 2019,
        month = may,
       volume = {485},
       number = {3},
        pages = {3642-3660},
          doi = {10.1093/mnras/stz502},
archivePrefix = {arXiv},
       eprint = {1802.02581},
 primaryClass = {astro-ph.CO},
       adsurl = {https://ui.adsabs.harvard.edu/abs/2019MNRAS.485.3642H},
      adsnote = {Provided by the SAO/NASA Astrophysics Data System}
}

@ARTICLE{mcleod17,
       author = {{McLeod}, Michael and {Balan}, Sreekumar T. and {Abdalla}, Filipe B.},
        title = "{A joint analysis for cosmology and photometric redshift calibration using cross-correlations}",
      journal = {\mnras},
     keywords = {surveys, galaxies: photometry, cosmological parameters, large-scale structure of Universe, Astrophysics - Cosmology and Nongalactic Astrophysics},
         year = 2017,
        month = apr,
       volume = {466},
       number = {3},
        pages = {3558-3568},
          doi = {10.1093/mnras/stw2989},
archivePrefix = {arXiv},
       eprint = {1612.00307},
 primaryClass = {astro-ph.CO},
       adsurl = {https://ui.adsabs.harvard.edu/abs/2017MNRAS.466.3558M},
      adsnote = {Provided by the SAO/NASA Astrophysics Data System}
}

@ARTICLE{leistedt19,
       author = {{Leistedt}, Boris and {Hogg}, David W. and {Wechsler}, Risa H. and {DeRose}, Joe},
        title = "{Hierarchical Modeling and Statistical Calibration for Photometric Redshifts}",
      journal = {\apj},
     keywords = {galaxies: distances and redshifts, galaxies: photometry, galaxies: statistics, large-scale structure of universe, Astrophysics - Cosmology and Nongalactic Astrophysics},
         year = 2019,
        month = aug,
       volume = {881},
       number = {1},
          eid = {80},
        pages = {80},
          doi = {10.3847/1538-4357/ab2d29},
archivePrefix = {arXiv},
       eprint = {1807.01391},
 primaryClass = {astro-ph.CO},
       adsurl = {https://ui.adsabs.harvard.edu/abs/2019ApJ...881...80L},
      adsnote = {Provided by the SAO/NASA Astrophysics Data System}
}
@ARTICLE{schaan20,
       author = {{Schaan}, Emmanuel and {Ferraro}, Simone and {Seljak}, Uros},
        title = "{Photo-z outlier self-calibration in weak lensing surveys}",
      journal = {\jcap},
     keywords = {Astrophysics - Cosmology and Nongalactic Astrophysics},
         year = 2020,
        month = dec,
       volume = {2020},
       number = {12},
          eid = {001},
        pages = {001},
          doi = {10.1088/1475-7516/2020/12/001},
archivePrefix = {arXiv},
       eprint = {2007.12795},
 primaryClass = {astro-ph.CO},
       adsurl = {https://ui.adsabs.harvard.edu/abs/2020JCAP...12..001S},
      adsnote = {Provided by the SAO/NASA Astrophysics Data System}
}
@ARTICLE{zhang10,
       author = {{Zhang}, Pengjie and {Pen}, Ue-Li and {Bernstein}, Gary},
        title = "{Self-calibration of photometric redshift scatter in weak-lensing surveys}",
      journal = {\mnras},
     keywords = {gravitational lensing, cosmology: observations, cosmology: theory, large-scale structure of Universe, Astrophysics - Cosmology and Nongalactic Astrophysics},
         year = 2010,
        month = jun,
       volume = {405},
       number = {1},
        pages = {359-374},
          doi = {10.1111/j.1365-2966.2010.16445.x},
archivePrefix = {arXiv},
       eprint = {0910.4181},
 primaryClass = {astro-ph.CO},
       adsurl = {https://ui.adsabs.harvard.edu/abs/2010MNRAS.405..359Z},
      adsnote = {Provided by the SAO/NASA Astrophysics Data System}
}
@book{bishop,
  title={Pattern Recognition and Machine Learning},
  author={Bishop, C.M.},
  isbn={9781493938438},
  lccn={2006922522},
  series={Information Science and Statistics},
  url={https://books.google.co.uk/books?id=kOXDtAEACAAJ},
  year={2016},
  publisher={Springer New York}
}
@article{vanErp20,
title = {Shrinkage priors for Bayesian penalized regression},
journal = {Journal of Mathematical Psychology},
volume = {89},
pages = {31-50},
year = {2019},
issn = {0022-2496},
doi = {https://doi.org/10.1016/j.jmp.2018.12.004},
url = {https://www.sciencedirect.com/science/article/pii/S0022249618300567},
author = {Sara {van Erp} and Daniel L. Oberski and Joris Mulder},
keywords = {Bayesian, Shrinkage priors, Penalization, Empirical Bayes, Regression},
}
@ARTICLE{handley19,
       author = {{Handley}, Will and {Lemos}, Pablo},
        title = "{Quantifying dimensionality: Bayesian cosmological model complexities}",
      journal = {\prd},
     keywords = {Astrophysics - Cosmology and Nongalactic Astrophysics, Astrophysics - Instrumentation and Methods for Astrophysics},
         year = 2019,
        month = jul,
       volume = {100},
       number = {2},
          eid = {023512},
        pages = {023512},
          doi = {10.1103/PhysRevD.100.023512},
archivePrefix = {arXiv},
       eprint = {1903.06682},
 primaryClass = {astro-ph.CO},
       adsurl = {https://ui.adsabs.harvard.edu/abs/2019PhRvD.100b3512H},
      adsnote = {Provided by the SAO/NASA Astrophysics Data System}
}
@ARTICLE{raveri19,
       author = {{Raveri}, Marco and {Hu}, Wayne},
        title = "{Concordance and discordance in cosmology}",
      journal = {\prd},
     keywords = {Astrophysics - Cosmology and Nongalactic Astrophysics},
         year = 2019,
        month = feb,
       volume = {99},
       number = {4},
          eid = {043506},
        pages = {043506},
          doi = {10.1103/PhysRevD.99.043506},
archivePrefix = {arXiv},
       eprint = {1806.04649},
 primaryClass = {astro-ph.CO},
       adsurl = {https://ui.adsabs.harvard.edu/abs/2019PhRvD..99d3506R},
      adsnote = {Provided by the SAO/NASA Astrophysics Data System}
}
@article{spiegelhalter02,
author = {Spiegelhalter, David J. and Best, Nicola G. and Carlin, Bradley P. and Van Der Linde, Angelika},
title = {Bayesian measures of model complexity and fit},
journal = {Journal of the Royal Statistical Society: Series B (Statistical Methodology)},
volume = {64},
number = {4},
pages = {583-639},
keywords = {Bayesian model comparison, Decision theory, Deviance information criterion, Effective number of parameters, Hierarchical models, Information theory, Leverage, Markov chain Monte Carlo methods, Model dimension},
doi = {https://doi.org/10.1111/1467-9868.00353},
url = {https://rss.onlinelibrary.wiley.com/doi/abs/10.1111/1467-9868.00353},
eprint = {https://rss.onlinelibrary.wiley.com/doi/pdf/10.1111/1467-9868.00353},
abstract = {Summary. We consider the problem of comparing complex hierarchical models in which the number of parameters is not clearly defined. Using an information theoretic argument we derive a measure pD for the effective number of parameters in a model as the difference between the posterior mean of the deviance and the deviance at the posterior means of the parameters of interest. In general pD approximately corresponds to the trace of the product of Fisher's information and the posterior covariance, which in normal models is the trace of the ‘hat’ matrix projecting observations onto fitted values. Its properties in exponential families are explored. The posterior mean deviance is suggested as a Bayesian measure of fit or adequacy, and the contributions of individual observations to the fit and complexity can give rise to a diagnostic plot of deviance residuals against leverages. Adding pD to the posterior mean deviance gives a deviance information criterion for comparing models, which is related to other information criteria and has an approximate decision theoretic justification. The procedure is illustrated in some examples, and comparisons are drawn with alternative Bayesian and classical proposals. Throughout it is emphasized that the quantities required are trivial to compute in a Markov chain Monte Carlo analysis.},
year = {2002}
}





















































